{"endType":"forfeit","format":"gen8ou","inputLog":[">version aa9f8c6b9cf4eca780a1296832ecd3b0009641e0",">version-origin 5e8529faaa5905c5f8e15eafaaefa806ee8c7d06",">start {\"formatid\":\"gen8ou\",\"seed\":[26958,5836,54238,34972],\"rated\":\"Rated battle\"}",">player p1 {\"\"name\":\"35974\",\"rating\":1245}",">player p2 {\"\"name\":\"1629\",\"rating\":1211}",">p1 team 2, 1, 3, 4, 5, 6",">p2 team 2, 1, 3, 4, 5, 6",">p1 move scald",">p2 move swordsdance",">p1 move scald",">p2 move suckerpunch",">p2 switch 4",">p1 move hurricane",">p2 move dracometeor",">p1 move uturn",">p2 move dracometeor",">p1 switch 3",">p1 move hurricane",">p2 move dracometeor"],"log":["|j|\u260635974","|j|\u26061629","|player|p1|35974|72|1245","|player|p2|1629|li|1211","|teamsize|p1|6","|teamsize|p2|6","|gametype|singles","|gen|8","|tier|[Gen 8] OU","|rated|","|rule|Sleep Clause Mod: Limit one foe put to sleep","|rule|Species Clause: Limit one of each Pok\u00e9mon","|rule|OHKO Clause: OHKO moves are banned","|rule|Evasion Moves Clause: Evasion moves are banned","|rule|Endless Battle Clause: Forcing endless battles is banned","|rule|HP Percentage Mod: HP is shown in percentages","|clearpoke","|poke|p1|Barraskewda, M|","|poke|p1|Pelipper, M|","|poke|p1|Mantine, F|","|poke|p1|Dracovish|","|poke|p1|Charizard, F|","|poke|p1|Seismitoad, M|","|poke|p2|Excadrill, M|","|poke|p2|Bisharp, M|","|poke|p2|Cinderace, M|","|poke|p2|Hydreigon, M|","|poke|p2|Togekiss, M|","|poke|p2|Ferrothorn, M|","|rule|Dynamax Clause: You cannot dynamax","|teampreview","|","|start","|switch|p1a: Pelipper|Pelipper, M|323\/323","|switch|p2a: drive by|Bisharp, M, shiny|271\/271","|-weather|RainDance|[from] ability: Drizzle|[of] p1a: Pelipper","|turn|1","|","|move|p2a: drive by|Swords Dance|p2a: drive by","|-boost|p2a: drive by|atk|2","|move|p1a: Pelipper|Scald|p2a: drive by","|-damage|p2a: drive by|87\/271","|","|-weather|RainDance|[upkeep]","|-heal|p2a: drive by|103\/271|[from] item: Leftovers","|upkeep","|turn|2","|","|move|p2a: drive by|Sucker Punch|p1a: Pelipper","|-damage|p1a: Pelipper|116\/323","|move|p1a: Pelipper|Scald|p2a: drive by","|-damage|p2a: drive by|0 fnt","|faint|p2a: drive by","|","|-weather|RainDance|[upkeep]","|upkeep","|","|switch|p2a: Hydreigon|Hydreigon, M|325\/325","|turn|3","|","|move|p2a: Hydreigon|Draco Meteor|p1a: Pelipper|[miss]","|-miss|p2a: Hydreigon|p1a: Pelipper","|move|p1a: Pelipper|Hurricane|p2a: Hydreigon","|-damage|p2a: Hydreigon|187\/325","|","|-weather|RainDance|[upkeep]","|upkeep","|turn|4","|","|move|p2a: Hydreigon|Draco Meteor|p1a: Pelipper|[miss]","|-miss|p2a: Hydreigon|p1a: Pelipper","|move|p1a: Pelipper|U-turn|p2a: Hydreigon","|-supereffective|p2a: Hydreigon","|-damage|p2a: Hydreigon|121\/325","|","|switch|p1a: Mantine|Mantine, F|311\/311","|","|-weather|RainDance|[upkeep]","|upkeep","|turn|5","|","|move|p2a: Hydreigon|Draco Meteor|p1a: Mantine","|-damage|p1a: Mantine|134\/311","|-unboost|p2a: Hydreigon|spa|2","|move|p1a: Mantine|Hurricane|p2a: Hydreigon","|-damage|p2a: Hydreigon|0 fnt","|-damage|p1a: Mantine|103\/311|[from] item: Life Orb","|faint|p2a: Hydreigon","|","|-weather|RainDance|[upkeep]","|upkeep","|-message|1629 forfeited.","|","|win|35974","|l|\u26061629","|raw|35974's rating: 1245 &rarr; <strong>1267<\/strong><br \/>(+22 for winning)","|raw|1629's rating: 1211 &rarr; <strong>1188<\/strong><br \/>(-23 for losing)",""],"p1":"35974","p1rating":1245,"p1team":[{"ability":"swiftswim","evs":{"atk":252,"def":0,"hp":0,"spa":0,"spd":4,"spe":252},"happiness":160,"item":"choiceband","ivs":{"atk":31,"def":31,"hp":31,"spa":31,"spd":31,"spe":31},"level":100,"moves":["psychicfangs","closecombat","liquidation","throatchop"],"name":"Barraskewda","nature":"Adamant","species":"Barraskewda"},{"ability":"drizzle","evs":{"atk":0,"def":36,"hp":248,"spa":0,"spd":224,"spe":0},"happiness":160,"item":"damprock","ivs":{"atk":31,"def":31,"hp":31,"spa":31,"spd":31,"spe":31},"level":100,"moves":["hurricane","uturn","scald"],"name":"Pelipper","nature":"Bold","species":"Pelipper"},{"ability":"swiftswim","evs":{"atk":0,"def":0,"hp":0,"spa":252,"spd":4,"spe":252},"happiness":160,"item":"lifeorb","ivs":{"atk":0,"def":31,"hp":31,"spa":31,"spd":31,"spe":31},"level":100,"moves":["hurricane","hydropump","icebeam","surf"],"name":"Mantine","nature":"Modest","species":"Mantine"},{"ability":"strongjaw","evs":{"atk":252,"def":0,"hp":0,"spa":0,"spd":4,"spe":252},"gender":"N","happiness":160,"item":"choicescarf","ivs":{"atk":31,"def":31,"hp":31,"spa":31,"spd":31,"spe":31},"level":100,"moves":["crunch","fishiousrend","outrage","psychicfangs"],"name":"Dracovish","nature":"Jolly","species":"Dracovish"},{"ability":"blaze","evs":{"atk":0,"def":0,"hp":0,"spa":252,"spd":4,"spe":252},"happiness":160,"item":"choicespecs","ivs":{"atk":0,"def":31,"hp":31,"spa":31,"spd":31,"spe":31},"level":100,"moves":["fireblast","hurricane","dragonpulse","focusblast"],"name":"Charizard","nature":"Timid","species":"Charizard"},{"ability":"swiftswim","evs":{"atk":252,"def":0,"hp":0,"spa":0,"spd":4,"spe":252},"happiness":160,"item":"leftovers","ivs":{"atk":31,"def":31,"hp":31,"spa":31,"spd":31,"spe":31},"level":100,"moves":["earthquake","stealthrock","liquidation","drainpunch"],"name":"Seismitoad","nature":"Adamant","species":"Seismitoad"}],"p2":"1629","p2rating":1211,"p2team":[{"ability":"moldbreaker","evs":{"atk":252,"def":0,"hp":0,"spa":0,"spd":4,"spe":252},"happiness":160,"item":"focussash","ivs":{"atk":31,"def":31,"hp":31,"spa":31,"spd":31,"spe":31},"level":100,"moves":["earthquake","ironhead","swordsdance","rapidspin"],"name":"Excadrill","nature":"Jolly","species":"Excadrill"},{"ability":"defiant","evs":{"atk":252,"def":0,"hp":0,"spa":0,"spd":4,"spe":252},"happiness":160,"item":"leftovers","ivs":{"atk":31,"def":31,"hp":31,"spa":31,"spd":31,"spe":31},"level":100,"moves":["swordsdance","ironhead","suckerpunch","substitute"],"name":"drive by","nature":"Jolly","shiny":true,"species":"bisharp"},{"ability":"blaze","evs":{"atk":252,"def":0,"hp":0,"spa":0,"spd":4,"spe":252},"happiness":160,"item":"heavydutyboots","ivs":{"atk":31,"def":31,"hp":31,"spa":31,"spd":31,"spe":31},"level":100,"moves":["uturn","courtchange","pyroball","taunt"],"name":"Cinderace","nature":"Jolly","species":"Cinderace"},{"ability":"levitate","evs":{"atk":0,"def":0,"hp":0,"spa":252,"spd":4,"spe":252},"happiness":160,"item":"choicescarf","ivs":{"atk":31,"def":31,"hp":31,"spa":31,"spd":31,"spe":31},"level":100,"moves":["uturn","darkpulse","dracometeor","flashcannon"],"name":"Hydreigon","nature":"Timid","species":"Hydreigon"},{"ability":"serenegrace","evs":{"atk":0,"def":0,"hp":0,"spa":252,"spd":4,"spe":252},"happiness":160,"item":"choicespecs","ivs":{"atk":0,"def":31,"hp":31,"spa":31,"spd":31,"spe":31},"level":100,"moves":["airslash","flamethrower","dazzlinggleam","shadowball"],"name":"Togekiss","nature":"Timid","species":"Togekiss"},{"ability":"ironbarbs","evs":{"atk":4,"def":252,"hp":252,"spa":0,"spd":0,"spe":0},"happiness":160,"item":"leftovers","ivs":{"atk":31,"def":31,"hp":31,"spa":31,"spd":31,"spe":0},"level":100,"moves":["leechseed","gyroball","protect","knockoff"],"name":"Ferrothorn","nature":"Relaxed","shiny":true,"species":"Ferrothorn"}],"roomid":1023147,"score":[6,4],"seed":[26958,5836,54238,34972],"timestamp":"Sat Dec 28 2019 04:XX","turns":5,"winner":"35974","rated_battle":true,"average_rating":1228}