{"endType":"forfeit","format":"gen8ou","inputLog":[">version aa9f8c6b9cf4eca780a1296832ecd3b0009641e0",">version-origin 5e8529faaa5905c5f8e15eafaaefa806ee8c7d06",">start {\"formatid\":\"gen8ou\",\"seed\":[61935,13881,49753,18405],\"rated\":\"Rated battle\"}",">player p1 {\"\"name\":\"2741\",\"rating\":1339}",">player p2 {\"\"name\":\"30389\",\"rating\":1321}",">p1 team 1, 2, 3, 4, 5, 6",">p2 team 2, 1, 3, 4, 5, 6",">p1 move stealthrock",">p2 switch 3",">p1 switch 3",">p2 move psychic",">p1 move bodyslam",">p2 switch 3",">p1 switch 3",">p2 move toxic",">p1 move stealthrock",">p2 move toxic",">p1 switch 3",">p2 switch 4",">p1 move curse",">p2 move bravebird",">p1 move rest",">p2 move bravebird",">p1 move heatcrash",">p2 move uturn",">p2 switch 2",">p1 switch 2",">p2 move clangoroussoul",">p1 move willowisp",">p2 move clangingscales",">p1 move strengthsap",">p2 move flamethrower",">p1 switch 6",">p1 move earthquake",">p2 move flashcannon"],"log":["|j|\u26062741","|j|\u260630389","|player|p1|2741|265|1339","|player|p2|30389|byron|1321","|teamsize|p1|6","|teamsize|p2|6","|gametype|singles","|gen|8","|tier|[Gen 8] OU","|rated|","|rule|Sleep Clause Mod: Limit one foe put to sleep","|rule|Species Clause: Limit one of each Pok\u00e9mon","|rule|OHKO Clause: OHKO moves are banned","|rule|Evasion Moves Clause: Evasion moves are banned","|rule|Endless Battle Clause: Forcing endless battles is banned","|rule|HP Percentage Mod: HP is shown in percentages","|clearpoke","|poke|p1|Seismitoad, M|","|poke|p1|Corsola-Galar, F|","|poke|p1|Snorlax, F|","|poke|p1|Hatterene, F|","|poke|p1|Crawdaunt, F|","|poke|p1|Dugtrio, F|","|poke|p2|Kommo-o, M|","|poke|p2|Quagsire, F|","|poke|p2|Espeon, F|","|poke|p2|Corviknight, F|","|poke|p2|Toxtricity, F|","|poke|p2|Cinderace, F|","|rule|Dynamax Clause: You cannot dynamax","|teampreview","|","|start","|switch|p1a: Seismitoad|Seismitoad, M|414\/414","|switch|p2a: Quagsire|Quagsire, F|394\/394","|turn|1","|","|switch|p2a: Espeon|Espeon, F|271\/271","|move|p1a: Seismitoad|Stealth Rock|p2a: Espeon","|move|p2a: Espeon|Stealth Rock|p1a: Seismitoad|[from]Magic Bounce","|-sidestart2741|move: Stealth Rock","|","|upkeep","|turn|2","|","|switch|p1a: Snorlax|Snorlax, F|524\/524","|-damage|p1a: Snorlax|459\/524|[from] Stealth Rock","|move|p2a: Espeon|Psychic|p1a: Snorlax","|-damage|p1a: Snorlax|345\/524","|","|-heal|p1a: Snorlax|377\/524|[from] item: Leftovers","|upkeep","|turn|3","|","|switch|p2a: Quagsire|Quagsire, F|394\/394","|move|p1a: Snorlax|Body Slam|p2a: Quagsire","|-damage|p2a: Quagsire|301\/394","|-status|p2a: Quagsire|par","|","|-heal|p1a: Snorlax|409\/524|[from] item: Leftovers","|-heal|p2a: Quagsire|325\/394 par|[from] item: Leftovers","|upkeep","|turn|4","|","|switch|p1a: Seismitoad|Seismitoad, M|414\/414","|-damage|p1a: Seismitoad|389\/414|[from] Stealth Rock","|cant|p2a: Quagsire|par","|","|-heal|p1a: Seismitoad|414\/414|[from] item: Leftovers","|-heal|p2a: Quagsire|349\/394 par|[from] item: Leftovers","|upkeep","|turn|5","|","|move|p1a: Seismitoad|Stealth Rock|p2a: Quagsire","|-sidestart30389|move: Stealth Rock","|move|p2a: Quagsire|Toxic|p1a: Seismitoad","|-status|p1a: Seismitoad|tox","|","|-heal|p2a: Quagsire|373\/394 par|[from] item: Leftovers","|-damage|p1a: Seismitoad|389\/414 tox|[from] psn","|upkeep","|turn|6","|","|switch|p1a: Snorlax|Snorlax, F|409\/524","|-damage|p1a: Snorlax|344\/524|[from] Stealth Rock","|switch|p2a: Corviknight|Corviknight, F|400\/400","|-damage|p2a: Corviknight|350\/400|[from] Stealth Rock","|-ability|p2a: Corviknight|Pressure","|","|-heal|p2a: Corviknight|375\/400|[from] item: Leftovers","|-heal|p1a: Snorlax|376\/524|[from] item: Leftovers","|upkeep","|turn|7","|","|move|p2a: Corviknight|Brave Bird|p1a: Snorlax","|-damage|p1a: Snorlax|198\/524","|-damage|p2a: Corviknight|316\/400|[from] Recoil","|move|p1a: Snorlax|Curse|p1a: Snorlax","|-unboost|p1a: Snorlax|spe|1","|-boost|p1a: Snorlax|atk|1","|-boost|p1a: Snorlax|def|1","|","|-heal|p2a: Corviknight|341\/400|[from] item: Leftovers","|-heal|p1a: Snorlax|230\/524|[from] item: Leftovers","|upkeep","|turn|8","|","|move|p2a: Corviknight|Brave Bird|p1a: Snorlax","|-damage|p1a: Snorlax|116\/524","|-damage|p2a: Corviknight|303\/400|[from] Recoil","|move|p1a: Snorlax|Rest|p1a: Snorlax","|-status|p1a: Snorlax|slp|[from] move: Rest","|-heal|p1a: Snorlax|524\/524 slp|[silent]","|","|-heal|p2a: Corviknight|328\/400|[from] item: Leftovers","|upkeep","|turn|9","|","|move|p2a: Corviknight|U-turn|p1a: Snorlax","|-damage|p1a: Snorlax|480\/524 slp","|","|switch|p2a: Kommo-o|Kommo-o, M|291\/291","|-damage|p2a: Kommo-o|273\/291|[from] Stealth Rock","|cant|p1a: Snorlax|slp","|","|-heal|p1a: Snorlax|512\/524 slp|[from] item: Leftovers","|upkeep","|turn|10","|","|switch|p1a: Corsola|Corsola-Galar, F|324\/324","|-damage|p1a: Corsola|284\/324|[from] Stealth Rock","|move|p2a: Kommo-o|Clangorous Soul|p2a: Kommo-o","|-boost|p2a: Kommo-o|atk|1","|-boost|p2a: Kommo-o|def|1","|-boost|p2a: Kommo-o|spa|1","|-boost|p2a: Kommo-o|spd|1","|-boost|p2a: Kommo-o|spe|1","|-damage|p2a: Kommo-o|176\/291","|-enditem|p2a: Kommo-o|Throat Spray","|-boost|p2a: Kommo-o|spa|1","|","|upkeep","|turn|11","|","|move|p2a: Kommo-o|Clanging Scales|p1a: Corsola","|-damage|p1a: Corsola|26\/324","|-start|p2a: Kommo-o|Disable|Clanging Scales|[from] ability: Cursed Body|[of] p1a: Corsola","|-unboost|p2a: Kommo-o|def|1","|move|p1a: Corsola|Will-O-Wisp|p2a: Kommo-o","|-status|p2a: Kommo-o|brn","|","|-damage|p2a: Kommo-o|158\/291 brn|[from] brn","|upkeep","|turn|12","|","|move|p2a: Kommo-o|Flamethrower|p1a: Corsola","|-damage|p1a: Corsola|0 fnt","|faint|p1a: Corsola","|","|-damage|p2a: Kommo-o|140\/291 brn|[from] brn","|upkeep","|","|switch|p1a: Dugtrio|Dugtrio, F|212\/212","|-damage|p1a: Dugtrio|199\/212|[from] Stealth Rock","|turn|13","|","|move|p2a: Kommo-o|Flash Cannon|p1a: Dugtrio","|-damage|p1a: Dugtrio|0 fnt","|faint|p1a: Dugtrio","|","|-damage|p2a: Kommo-o|122\/291 brn|[from] brn","|upkeep","|-message|2741 forfeited.","|","|win|30389","|l|\u26062741","|l|\u260630389","|raw|2741's rating: 1319 &rarr; <strong>1299<\/strong><br \/>(-20 for losing)","|raw|30389's rating: 1321 &rarr; <strong>1341<\/strong><br \/>(+20 for winning)",""],"p1":"2741","p1rating":1339,"p1team":[{"ability":"waterabsorb","evs":{"atk":0,"def":252,"hp":252,"spa":0,"spd":4,"spe":0},"happiness":160,"item":"leftovers","ivs":{"atk":0,"def":31,"hp":31,"spa":31,"spd":31,"spe":31},"level":100,"moves":["stealthrock","scald","earthpower","toxic"],"name":"Seismitoad","nature":"Relaxed","species":"Seismitoad"},{"ability":"cursedbody","evs":{"atk":0,"def":252,"hp":252,"spa":0,"spd":4,"spe":0},"happiness":160,"item":"eviolite","ivs":{"atk":0,"def":31,"hp":31,"spa":31,"spd":31,"spe":31},"level":100,"moves":["willowisp","strengthsap","haze","nightshade"],"name":"Corsola","nature":"Bold","species":"corsolagalar"},{"ability":"immunity","evs":{"atk":0,"def":4,"hp":252,"spa":0,"spd":252,"spe":0},"happiness":160,"item":"leftovers","ivs":{"atk":31,"def":31,"hp":31,"spa":31,"spd":31,"spe":31},"level":100,"moves":["curse","rest","bodyslam","heatcrash"],"name":"Snorlax","nature":"Sassy","species":"Snorlax"},{"ability":"magicbounce","evs":{"atk":0,"def":0,"hp":252,"spa":252,"spd":4,"spe":0},"gender":"F","happiness":160,"item":"leftovers","ivs":{"atk":0,"def":31,"hp":31,"spa":31,"spd":31,"spe":0},"level":100,"moves":["psychic","dazzlinggleam","mysticalfire","trickroom"],"name":"Hatterene","nature":"Quiet","species":"Hatterene"},{"ability":"adaptability","evs":{"atk":252,"def":0,"hp":4,"spa":0,"spd":0,"spe":252},"happiness":160,"item":"lifeorb","ivs":{"atk":31,"def":31,"hp":31,"spa":31,"spd":31,"spe":31},"level":100,"moves":["swordsdance","aquajet","knockoff","liquidation"],"name":"Crawdaunt","nature":"Adamant","species":"Crawdaunt"},{"ability":"arenatrap","evs":{"atk":252,"def":0,"hp":4,"spa":0,"spd":0,"spe":252},"happiness":160,"item":"focussash","ivs":{"atk":31,"def":31,"hp":31,"spa":31,"spd":31,"spe":31},"level":100,"moves":["reversal","earthquake","suckerpunch","screech"],"name":"Dugtrio","nature":"Jolly","species":"Dugtrio"}],"p2":"30389","p2rating":1321,"p2team":[{"ability":"bulletproof","evs":{"atk":0,"def":4,"hp":0,"spa":252,"spd":0,"spe":252},"happiness":160,"item":"throatspray","ivs":{"atk":0,"def":31,"hp":31,"spa":31,"spd":31,"spe":31},"level":100,"moves":["clangingscales","flamethrower","flashcannon","clangoroussoul"],"name":"Kommo-o","nature":"Modest","species":"Kommo-o"},{"ability":"waterabsorb","evs":{"atk":0,"def":252,"hp":252,"spa":0,"spd":4,"spe":0},"happiness":160,"item":"leftovers","ivs":{"atk":0,"def":31,"hp":31,"spa":31,"spd":31,"spe":31},"level":100,"moves":["amnesia","toxic","scald","recover"],"name":"Quagsire","nature":"Bold","species":"Quagsire"},{"ability":"magicbounce","evs":{"atk":0,"def":4,"hp":0,"spa":252,"spd":0,"spe":252},"happiness":160,"item":"leftovers","ivs":{"atk":0,"def":31,"hp":31,"spa":31,"spd":31,"spe":31},"level":100,"moves":["calmmind","psychic","dazzlinggleam","morningsun"],"name":"Espeon","nature":"Timid","species":"Espeon"},{"ability":"pressure","evs":{"atk":0,"def":76,"hp":252,"spa":0,"spd":180,"spe":0},"happiness":160,"item":"leftovers","ivs":{"atk":31,"def":31,"hp":31,"spa":31,"spd":31,"spe":31},"level":100,"moves":["bravebird","roost","defog","uturn"],"name":"Corviknight","nature":"Impish","species":"Corviknight"},{"ability":"punkrock","evs":{"atk":0,"def":0,"hp":4,"spa":252,"spd":0,"spe":252},"happiness":160,"item":"choicespecs","ivs":{"atk":31,"def":31,"hp":31,"spa":31,"spd":31,"spe":31},"level":100,"moves":["boomburst","overdrive","voltswitch","sludgewave"],"name":"Toxtricity","nature":"Timid","species":"Toxtricity"},{"ability":"blaze","evs":{"atk":252,"def":0,"hp":0,"spa":0,"spd":4,"spe":252},"happiness":160,"item":"choicescarf","ivs":{"atk":31,"def":31,"hp":31,"spa":31,"spd":31,"spe":31},"level":100,"moves":["pyroball","zenheadbutt","uturn","courtchange"],"name":"Cinderace","nature":"Jolly","species":"Cinderace"}],"roomid":100428,"score":[4,6],"seed":[61935,13881,49753,18405],"timestamp":"Mon Dec 30 2019 22:XX","turns":13,"winner":"30389","rated_battle":true,"average_rating":1330}