{"endType":"forfeit","format":"gen8ou","inputLog":[">version aa9f8c6b9cf4eca780a1296832ecd3b0009641e0",">version-origin 5e8529faaa5905c5f8e15eafaaefa806ee8c7d06",">start {\"formatid\":\"gen8ou\",\"seed\":[40577,41919,39352,7951],\"rated\":\"Rated battle\"}",">player p1 {\"\"name\":\"28740\",\"rating\":1292}",">player p2 {\"\"name\":\"7841\",\"rating\":1246}",">p1 team 2, 1, 3, 4, 5, 6",">p2 team 6, 2, 3, 4, 5, 1",">p1 move uturn",">p2 move stealthrock",">p1 switch 3",">p1 move willowisp",">p2 move dragontail",">p1 move uturn",">p2 move earthquake",">p1 switch 3",">p1 move strengthsap",">p2 move earthquake",">p1 move nightshade",">p2 switch 4",">p1 switch 4",">p2 move disable",">p1 move haze",">p2 move substitute",">p1 move scald",">p2 move shadowball",">p1 move scald",">p2 switch 5",">p1 switch 2",">p2 move trick",">p1 move substitute",">p2 move mysticalfire",">p1 switch 3",">p2 move mysticalfire",">p1 move courtchange",">p2 move psychic",">p1 move uturn",">p2 switch 4",">p1 switch 3",">p1 move roost",">p2 move stealthrock",">p1 move roost",">p2 switch 4",">p1 switch 4",">p2 move mysticalfire",">p1 move strengthsap",">p2 move psychic",">p1 switch 2",">p2 switch 5",">p1 move scald",">p2 switch 2",">p1 switch 2",">p2 move rockslide",">p1 move strengthsap",">p2 switch 2",">p1 switch 2",">p2 move substitute",">p1 move scald",">p2 move shadowball",">p1 move scald",">p2 move disable",">p1 switch 5",">p2 move substitute",">p1 move psychic",">p2 move sludgewave",">p1 move psychic",">p2 switch 4",">p1 move psychic",">p2 move gyroball",">p2 switch 6",">p1 move psychic",">p2 move acrobatics",">p1 switch 4",">p1 move bravebird",">p2 move swordsdance",">p2 switch 5",">p1 switch 6",">p2 move mysticalfire",">p1 move moonlight",">p2 move psychic",">p1 move moonblast",">p2 move psychic",">p1 move moonblast",">p2 move psychic"],"log":["|j|\u260628740","|j|\u26067841","|player|p1|28740|red-gen7|1292","|player|p2|7841|170|1246","|teamsize|p1|6","|teamsize|p2|6","|gametype|singles","|gen|8","|tier|[Gen 8] OU","|rated|","|rule|Sleep Clause Mod: Limit one foe put to sleep","|rule|Species Clause: Limit one of each Pok\u00e9mon","|rule|OHKO Clause: OHKO moves are banned","|rule|Evasion Moves Clause: Evasion moves are banned","|rule|Endless Battle Clause: Forcing endless battles is banned","|rule|HP Percentage Mod: HP is shown in percentages","|clearpoke","|poke|p1|Corviknight, F|","|poke|p1|Cinderace, F|","|poke|p1|Corsola-Galar, F|","|poke|p1|Toxapex, M|","|poke|p1|Indeedee, M|","|poke|p1|Clefable, M|","|poke|p2|Hawlucha, M|","|poke|p2|Hitmontop, M|","|poke|p2|Golisopod, F|","|poke|p2|Gengar, M|","|poke|p2|Indeedee, M|","|poke|p2|Steelix, M|","|rule|Dynamax Clause: You cannot dynamax","|teampreview","|","|start","|switch|p1a: Cinderace|Cinderace, F|301\/301","|switch|p2a: Steelix|Steelix, M, shiny|354\/354","|turn|1","|","|move|p1a: Cinderace|U-turn|p2a: Steelix","|-resisted|p2a: Steelix","|-damage|p2a: Steelix|334\/354","|","|switch|p1a: Corsola|Corsola-Galar, F|324\/324","|move|p2a: Steelix|Stealth Rock|p1a: Corsola","|-sidestart28740|move: Stealth Rock","|","|-heal|p2a: Steelix|354\/354|[from] item: Leftovers","|upkeep","|turn|2","|","|move|p1a: Corsola|Will-O-Wisp|p2a: Steelix","|-status|p2a: Steelix|brn","|move|p2a: Steelix|Dragon Tail|p1a: Corsola","|-damage|p1a: Corsola|309\/324","|-start|p2a: Steelix|Disable|Dragon Tail|[from] ability: Cursed Body|[of] p1a: Corsola","|drag|p1a: Cinderace|Cinderace, F|301\/301","|","|-damage|p2a: Steelix|332\/354 brn|[from] brn","|upkeep","|turn|3","|","|move|p1a: Cinderace|U-turn|p2a: Steelix","|-resisted|p2a: Steelix","|-damage|p2a: Steelix|311\/354 brn","|","|switch|p1a: Corsola|Corsola-Galar, F|309\/324","|-damage|p1a: Corsola|269\/324|[from] Stealth Rock","|move|p2a: Steelix|Earthquake|p1a: Corsola","|-damage|p1a: Corsola|230\/324","|","|-heal|p2a: Steelix|333\/354 brn|[from] item: Leftovers","|-damage|p2a: Steelix|311\/354 brn|[from] brn","|upkeep","|turn|4","|","|move|p1a: Corsola|Strength Sap|p2a: Steelix","|-unboost|p2a: Steelix|atk|1","|-heal|p1a: Corsola|324\/324","|move|p2a: Steelix|Earthquake|p1a: Corsola","|-damage|p1a: Corsola|297\/324","|","|-heal|p2a: Steelix|333\/354 brn|[from] item: Leftovers","|-damage|p2a: Steelix|311\/354 brn|[from] brn","|upkeep","|turn|5","|","|switch|p2a: Gengar|Gengar, M|261\/261","|move|p1a: Corsola|Night Shade|p2a: Gengar","|-damage|p2a: Gengar|161\/261","|","|-heal|p2a: Gengar|177\/261|[from] item: Black Sludge","|upkeep","|turn|6","|","|switch|p1a: Toxapex|Toxapex, M|304\/304","|-damage|p1a: Toxapex|266\/304|[from] Stealth Rock","|move|p2a: Gengar|Disable||[still]","|-fail|p2a: Gengar","|","|-heal|p2a: Gengar|193\/261|[from] item: Black Sludge","|-heal|p1a: Toxapex|285\/304|[from] item: Black Sludge","|upkeep","|turn|7","|","|move|p2a: Gengar|Substitute|p2a: Gengar","|-start|p2a: Gengar|Substitute","|-damage|p2a: Gengar|128\/261","|move|p1a: Toxapex|Haze|p1a: Toxapex","|-clearallboost","|","|-heal|p2a: Gengar|144\/261|[from] item: Black Sludge","|-heal|p1a: Toxapex|304\/304|[from] item: Black Sludge","|upkeep","|turn|8","|","|move|p2a: Gengar|Shadow Ball|p1a: Toxapex","|-damage|p1a: Toxapex|220\/304","|move|p1a: Toxapex|Scald|p2a: Gengar","|-end|p2a: Gengar|Substitute","|","|-heal|p2a: Gengar|160\/261|[from] item: Black Sludge","|-heal|p1a: Toxapex|239\/304|[from] item: Black Sludge","|upkeep","|turn|9","|","|switch|p2a: Indeedee|Indeedee, M, shiny|261\/261","|-fieldstart|move: Psychic Terrain|[from] ability: Psychic Surge|[of] p2a: Indeedee","|move|p1a: Toxapex|Scald|p2a: Indeedee","|-damage|p2a: Indeedee|204\/261","|","|-heal|p1a: Toxapex|258\/304|[from] item: Black Sludge","|upkeep","|turn|10","|","|switch|p1a: Corviknight|Corviknight, F|337\/337","|-damage|p1a: Corviknight|295\/337|[from] Stealth Rock","|-ability|p1a: Corviknight|Pressure","|move|p2a: Indeedee|Trick|p1a: Corviknight","|-activate|p2a: Indeedee|move: Trick|[of] p1a: Corviknight","|-item|p1a: Corviknight|Choice Specs|[from] move: Trick","|-item|p2a: Indeedee|Leftovers|[from] move: Trick","|","|-heal|p2a: Indeedee|220\/261|[from] item: Leftovers","|upkeep","|turn|11","|","|move|p2a: Indeedee|Mystical Fire|p1a: Corviknight","|-supereffective|p1a: Corviknight","|-damage|p1a: Corviknight|109\/337","|-unboost|p1a: Corviknight|spa|1","|move|p1a: Corviknight|Substitute|p1a: Corviknight","|-start|p1a: Corviknight|Substitute","|-damage|p1a: Corviknight|25\/337","|","|-heal|p2a: Indeedee|236\/261|[from] item: Leftovers","|upkeep","|turn|12","|","|switch|p1a: Cinderace|Cinderace, F|301\/301","|move|p2a: Indeedee|Mystical Fire|p1a: Cinderace","|-resisted|p1a: Cinderace","|-crit|p1a: Cinderace","|-damage|p1a: Cinderace|224\/301","|-unboost|p1a: Cinderace|spa|1","|","|-heal|p2a: Indeedee|252\/261|[from] item: Leftovers","|upkeep","|turn|13","|","|move|p1a: Cinderace|Court Change|p1a: Cinderace","|-sideend28740|Stealth Rock|[silent]","|-sidestart7841|Stealth Rock|[silent]","|-activate|p1a: Cinderace|move: Court Change","|move|p2a: Indeedee|Psychic|p1a: Cinderace","|-damage|p1a: Cinderace|13\/301","|-unboost|p1a: Cinderace|spd|1","|","|-heal|p2a: Indeedee|261\/261|[from] item: Leftovers","|-fieldend|move: Psychic Terrain","|upkeep","|turn|14","|","|switch|p2a: Steelix|Steelix, M, shiny|311\/354 brn","|-damage|p2a: Steelix|300\/354 brn|[from] Stealth Rock","|move|p1a: Cinderace|U-turn|p2a: Steelix","|-resisted|p2a: Steelix","|-damage|p2a: Steelix|280\/354 brn","|","|switch|p1a: Corviknight|Corviknight, F|25\/337","|-ability|p1a: Corviknight|Pressure","|","|-heal|p2a: Steelix|302\/354 brn|[from] item: Leftovers","|-damage|p2a: Steelix|280\/354 brn|[from] brn","|upkeep","|turn|15","|","|move|p1a: Corviknight|Roost|p1a: Corviknight","|-heal|p1a: Corviknight|194\/337","|-singleturn|p1a: Corviknight|move: Roost","|move|p2a: Steelix|Stealth Rock|p1a: Corviknight","|-sidestart28740|move: Stealth Rock","|","|-heal|p2a: Steelix|302\/354 brn|[from] item: Leftovers","|-damage|p2a: Steelix|280\/354 brn|[from] brn","|upkeep","|turn|16","|","|switch|p2a: Indeedee|Indeedee, M, shiny|261\/261","|-damage|p2a: Indeedee|229\/261|[from] Stealth Rock","|-fieldstart|move: Psychic Terrain|[from] ability: Psychic Surge|[of] p2a: Indeedee","|move|p1a: Corviknight|Roost|p1a: Corviknight","|-heal|p1a: Corviknight|337\/337","|-singleturn|p1a: Corviknight|move: Roost","|","|-heal|p2a: Indeedee|245\/261|[from] item: Leftovers","|upkeep","|turn|17","|","|switch|p1a: Corsola|Corsola-Galar, F|297\/324","|-damage|p1a: Corsola|257\/324|[from] Stealth Rock","|move|p2a: Indeedee|Mystical Fire|p1a: Corsola","|-damage|p1a: Corsola|212\/324","|-unboost|p1a: Corsola|spa|1","|","|-heal|p2a: Indeedee|261\/261|[from] item: Leftovers","|upkeep","|turn|18","|","|move|p2a: Indeedee|Psychic|p1a: Corsola","|-damage|p1a: Corsola|107\/324","|-start|p2a: Indeedee|Disable|Psychic|[from] ability: Cursed Body|[of] p1a: Corsola","|move|p1a: Corsola|Strength Sap|p2a: Indeedee","|-unboost|p2a: Indeedee|atk|1","|-heal|p1a: Corsola|228\/324","|","|upkeep","|turn|19","|","|switch|p2a: Gengar|Gengar, M|160\/261","|-damage|p2a: Gengar|128\/261|[from] Stealth Rock","|switch|p1a: Toxapex|Toxapex, M|304\/304","|-damage|p1a: Toxapex|266\/304|[from] Stealth Rock","|","|-heal|p2a: Gengar|144\/261|[from] item: Black Sludge","|-heal|p1a: Toxapex|285\/304|[from] item: Black Sludge","|upkeep","|turn|20","|","|switch|p2a: Hitmontop|Hitmontop, M|303\/303","|-damage|p2a: Hitmontop|285\/303|[from] Stealth Rock","|-ability|p2a: Hitmontop|Intimidate|boost","|-unboost|p1a: Toxapex|atk|1","|move|p1a: Toxapex|Scald|p2a: Hitmontop","|-damage|p2a: Hitmontop|248\/303","|","|-heal|p1a: Toxapex|304\/304|[from] item: Black Sludge","|-fieldend|move: Psychic Terrain","|upkeep","|turn|21","|","|switch|p1a: Corsola|Corsola-Galar, F|228\/324","|-damage|p1a: Corsola|188\/324|[from] Stealth Rock","|move|p2a: Hitmontop|Rock Slide|p1a: Corsola","|-damage|p1a: Corsola|143\/324","|-start|p2a: Hitmontop|Disable|Rock Slide|[from] ability: Cursed Body|[of] p1a: Corsola","|","|upkeep","|turn|22","|","|switch|p2a: Gengar|Gengar, M|144\/261","|-damage|p2a: Gengar|112\/261|[from] Stealth Rock","|move|p1a: Corsola|Strength Sap|p2a: Gengar","|-unboost|p2a: Gengar|atk|1","|-heal|p1a: Corsola|264\/324","|","|-heal|p2a: Gengar|128\/261|[from] item: Black Sludge","|upkeep","|turn|23","|","|switch|p1a: Toxapex|Toxapex, M|304\/304","|-damage|p1a: Toxapex|266\/304|[from] Stealth Rock","|move|p2a: Gengar|Substitute|p2a: Gengar","|-start|p2a: Gengar|Substitute","|-damage|p2a: Gengar|63\/261","|","|-heal|p2a: Gengar|79\/261|[from] item: Black Sludge","|-heal|p1a: Toxapex|285\/304|[from] item: Black Sludge","|upkeep","|turn|24","|","|move|p2a: Gengar|Shadow Ball|p1a: Toxapex","|-damage|p1a: Toxapex|197\/304","|-unboost|p1a: Toxapex|spd|1","|move|p1a: Toxapex|Scald|p2a: Gengar","|-end|p2a: Gengar|Substitute","|","|-heal|p2a: Gengar|95\/261|[from] item: Black Sludge","|-heal|p1a: Toxapex|216\/304|[from] item: Black Sludge","|upkeep","|turn|25","|","|move|p2a: Gengar|Disable|p1a: Toxapex","|-start|p1a: Toxapex|Disable|Scald","|cant|p1a: Toxapex|Disable|Scald","|","|-heal|p2a: Gengar|111\/261|[from] item: Black Sludge","|-heal|p1a: Toxapex|235\/304|[from] item: Black Sludge","|upkeep","|turn|26","|","|switch|p1a: Indeedee|Indeedee, M|262\/262","|-damage|p1a: Indeedee|230\/262|[from] Stealth Rock","|-fieldstart|move: Psychic Terrain|[from] ability: Psychic Surge|[of] p1a: Indeedee","|move|p2a: Gengar|Substitute|p2a: Gengar","|-start|p2a: Gengar|Substitute","|-damage|p2a: Gengar|46\/261","|","|-heal|p2a: Gengar|62\/261|[from] item: Black Sludge","|upkeep","|turn|27","|","|move|p1a: Indeedee|Psychic|p2a: Gengar","|-supereffective|p2a: Gengar","|-end|p2a: Gengar|Substitute","|move|p2a: Gengar|Sludge Wave|p1a: Indeedee","|-damage|p1a: Indeedee|55\/262","|","|-heal|p2a: Gengar|78\/261|[from] item: Black Sludge","|upkeep","|turn|28","|","|switch|p2a: Steelix|Steelix, M, shiny|280\/354 brn","|-damage|p2a: Steelix|269\/354 brn|[from] Stealth Rock","|move|p1a: Indeedee|Psychic|p2a: Steelix","|-resisted|p2a: Steelix","|-damage|p2a: Steelix|130\/354 brn","|","|-heal|p2a: Steelix|152\/354 brn|[from] item: Leftovers","|-damage|p2a: Steelix|130\/354 brn|[from] brn","|upkeep","|turn|29","|","|move|p1a: Indeedee|Psychic|p2a: Steelix","|-resisted|p2a: Steelix","|-damage|p2a: Steelix|0 fnt","|faint|p2a: Steelix","|","|upkeep","|","|switch|p2a: Hawlucha|Hawlucha, M, shiny|297\/297","|-damage|p2a: Hawlucha|260\/297|[from] Stealth Rock","|-enditem|p2a: Hawlucha|Psychic Seed","|-boost|p2a: Hawlucha|spd|1","|turn|30","|","|move|p2a: Hawlucha|Acrobatics|p1a: Indeedee","|-crit|p1a: Indeedee","|-damage|p1a: Indeedee|0 fnt","|faint|p1a: Indeedee","|","|-fieldend|move: Psychic Terrain","|upkeep","|","|switch|p1a: Corviknight|Corviknight, F|337\/337","|-damage|p1a: Corviknight|295\/337|[from] Stealth Rock","|-ability|p1a: Corviknight|Pressure","|turn|31","|","|move|p2a: Hawlucha|Swords Dance|p2a: Hawlucha","|-boost|p2a: Hawlucha|atk|2","|move|p1a: Corviknight|Brave Bird|p2a: Hawlucha","|-supereffective|p2a: Hawlucha","|-damage|p2a: Hawlucha|0 fnt","|-damage|p1a: Corviknight|209\/337|[from] Recoil","|faint|p2a: Hawlucha","|","|upkeep","|","|switch|p2a: Indeedee|Indeedee, M, shiny|261\/261","|-damage|p2a: Indeedee|229\/261|[from] Stealth Rock","|-fieldstart|move: Psychic Terrain|[from] ability: Psychic Surge|[of] p2a: Indeedee","|turn|32","|","|switch|p1a: Clefable|Clefable, M|340\/340","|move|p2a: Indeedee|Mystical Fire|p1a: Clefable","|-damage|p1a: Clefable|261\/340","|-unboost|p1a: Clefable|spa|1","|","|-heal|p2a: Indeedee|245\/261|[from] item: Leftovers","|upkeep","|turn|33","|","|move|p2a: Indeedee|Psychic|p1a: Clefable","|-damage|p1a: Clefable|50\/340","|move|p1a: Clefable|Moonlight|p1a: Clefable","|-heal|p1a: Clefable|220\/340","|","|-heal|p2a: Indeedee|261\/261|[from] item: Leftovers","|upkeep","|turn|34","|","|move|p2a: Indeedee|Psychic|p1a: Clefable","|-damage|p1a: Clefable|24\/340","|move|p1a: Clefable|Moonblast|p2a: Indeedee","|-damage|p2a: Indeedee|132\/261","|","|-heal|p2a: Indeedee|148\/261|[from] item: Leftovers","|upkeep","|turn|35","|","|move|p2a: Indeedee|Psychic|p1a: Clefable","|-damage|p1a: Clefable|0 fnt","|faint|p1a: Clefable","|","|-heal|p2a: Indeedee|164\/261|[from] item: Leftovers","|upkeep","|-message|28740 lost due to inactivity.","|","|win|7841","|l|\u260628740","|raw|28740's rating: 1264 &rarr; <strong>1238<\/strong><br \/>(-26 for losing)","|raw|7841's rating: 1246 &rarr; <strong>1272<\/strong><br \/>(+26 for winning)",""],"p1":"28740","p1rating":1292,"p1team":[{"ability":"pressure","evs":{"atk":252,"def":0,"hp":0,"spa":0,"spd":24,"spe":232},"happiness":160,"item":"leftovers","ivs":{"atk":31,"def":31,"hp":31,"spa":31,"spd":31,"spe":31},"level":100,"moves":["roost","bulkup","bravebird","substitute"],"name":"Corviknight","nature":"Jolly","species":"Corviknight"},{"ability":"blaze","evs":{"atk":252,"def":0,"hp":0,"spa":0,"spd":4,"spe":252},"happiness":160,"item":"heavydutyboots","ivs":{"atk":31,"def":31,"hp":31,"spa":31,"spd":31,"spe":31},"level":100,"moves":["pyroball","highjumpkick","uturn","courtchange"],"name":"Cinderace","nature":"Jolly","species":"Cinderace"},{"ability":"cursedbody","evs":{"atk":0,"def":252,"hp":252,"spa":0,"spd":0,"spe":0},"happiness":160,"item":"eviolite","ivs":{"atk":0,"def":31,"hp":31,"spa":31,"spd":31,"spe":31},"level":100,"moves":["willowisp","nightshade","stealthrock","strengthsap"],"name":"Corsola","nature":"Calm","species":"corsolagalar"},{"ability":"regenerator","evs":{"atk":0,"def":4,"hp":252,"spa":0,"spd":252,"spe":0},"happiness":160,"item":"blacksludge","ivs":{"atk":0,"def":31,"hp":31,"spa":31,"spd":31,"spe":31},"level":100,"moves":["scald","haze","recover","toxicspikes"],"name":"Toxapex","nature":"Calm","species":"Toxapex"},{"ability":"psychicsurge","evs":{"atk":0,"def":0,"hp":4,"spa":252,"spd":0,"spe":252},"gender":"M","happiness":160,"item":"choicescarf","ivs":{"atk":0,"def":31,"hp":31,"spa":31,"spd":31,"spe":31},"level":100,"moves":["psychic","energyball","shadowball","aromatherapy"],"name":"Indeedee","nature":"Modest","species":"Indeedee"},{"ability":"magicguard","evs":{"atk":0,"def":0,"hp":36,"spa":252,"spd":4,"spe":216},"happiness":160,"item":"lifeorb","ivs":{"atk":0,"def":31,"hp":31,"spa":31,"spd":31,"spe":31},"level":100,"moves":["moonblast","moonlight","thunderbolt","fireblast"],"name":"Clefable","nature":"Modest","species":"Clefable"}],"p2":"7841","p2rating":1246,"p2team":[{"ability":"unburden","evs":{"atk":252,"def":0,"hp":0,"spa":0,"spd":4,"spe":252},"happiness":160,"item":"psychicseed","ivs":{"atk":31,"def":31,"hp":31,"spa":31,"spd":31,"spe":31},"level":100,"moves":["acrobatics","closecombat","swordsdance","thunderpunch"],"name":"Hawlucha","nature":"Adamant","shiny":true,"species":"Hawlucha"},{"ability":"intimidate","evs":{"atk":252,"def":0,"hp":248,"spa":0,"spd":8,"spe":0},"gender":"M","happiness":160,"item":"assaultvest","ivs":{"atk":31,"def":31,"hp":31,"spa":31,"spd":31,"spe":31},"level":100,"moves":["rapidspin","closecombat","machpunch","rockslide"],"name":"Hitmontop","nature":"Adamant","species":"Hitmontop"},{"ability":"emergencyexit","evs":{"atk":252,"def":0,"hp":252,"spa":0,"spd":4,"spe":0},"happiness":160,"item":"figyberry","ivs":{"atk":31,"def":31,"hp":31,"spa":31,"spd":31,"spe":31},"level":100,"moves":["firstimpression","leechlife","liquidation","poisonjab"],"name":"Golisopod","nature":"Adamant","shiny":true,"species":"Golisopod"},{"ability":"cursedbody","evs":{"atk":0,"def":0,"hp":0,"spa":252,"spd":4,"spe":252},"happiness":160,"item":"blacksludge","ivs":{"atk":0,"def":31,"hp":31,"spa":31,"spd":31,"spe":31},"level":100,"moves":["substitute","disable","shadowball","sludgewave"],"name":"Gengar","nature":"Timid","species":"Gengar"},{"ability":"psychicsurge","evs":{"atk":0,"def":0,"hp":0,"spa":252,"spd":4,"spe":252},"gender":"M","happiness":160,"item":"choicespecs","ivs":{"atk":0,"def":31,"hp":31,"spa":31,"spd":31,"spe":31},"level":100,"moves":["trick","psychic","energyball","mysticalfire"],"name":"Indeedee","nature":"Timid","shiny":true,"species":"Indeedee"},{"ability":"sturdy","evs":{"atk":252,"def":0,"hp":252,"spa":0,"spd":4,"spe":0},"happiness":160,"item":"leftovers","ivs":{"atk":31,"def":31,"hp":31,"spa":31,"spd":31,"spe":0},"level":100,"moves":["stealthrock","gyroball","earthquake","dragontail"],"name":"Steelix","nature":"Brave","shiny":true,"species":"Steelix"}],"roomid":1017751,"score":[4,4],"seed":[40577,41919,39352,7951],"timestamp":"Sat Dec 28 2019 11:XX","turns":35,"winner":"7841","rated_battle":true,"average_rating":1269}