{"endType":"normal","format":"gen8ou","inputLog":[">version aa9f8c6b9cf4eca780a1296832ecd3b0009641e0",">version-origin 5e8529faaa5905c5f8e15eafaaefa806ee8c7d06",">start {\"formatid\":\"gen8ou\",\"seed\":[51642,24692,7529,31332],\"rated\":\"Rated battle\"}",">player p1 {\"\"name\":\"321\",\"rating\":1915}",">player p2 {\"\"name\":\"26314\",\"rating\":1766}",">p1 team 1, 2, 3, 4, 5, 6",">p2 team 4, 2, 3, 1, 5, 6",">p1 move stickyweb",">p2 move ironhead",">p1 move encore",">p2 move ironhead",">p1 move encore",">p2 move defog",">p1 move stickyweb",">p2 switch 2",">p1 move stealthrock",">p2 switch 2",">p1 move encore",">p2 move defog",">p1 move stickyweb",">p2 switch 4",">p1 move stealthrock",">p2 switch 4",">p1 move encore",">p2 move defog",">p1 move stealthrock",">p2 switch 2",">p1 move stickyweb",">p2 switch 2",">p1 move encore",">p2 move defog",">p1 move stickyweb",">p2 switch 2",">p1 move finalgambit",">p2 switch 2",">p1 switch 4",">p1 move shellsmash",">p2 move uturn",">p2 switch 2",">p1 move iciclespear",">p2 move toxic",">p1 move iciclespear",">p2 move protect",">p1 move iciclespear",">p2 move protect",">p1 move iciclespear",">p2 move stealthrock",">p2 switch 6",">p1 move iciclespear",">p2 move protect",">p1 switch 2",">p1 move swordsdance",">p2 move moonblast",">p1 move shadowclaw",">p2 switch 4",">p2 switch 2",">p1 move shadowclaw",">p2 move roost",">p1 move shadowclaw",">p2 move ironhead",">p1 switch 3",">p1 move taunt",">p2 move roost",">p1 move firepunch",">p2 move uturn",">p2 switch 5",">p1 move knockoff",">p2 move reversal",">p1 switch 5",">p1 move suckerpunch",">p2 move earthquake",">p2 switch 4",">p1 move phantomforce",">p2 move moonblast",">p1 move phantomforce",">p2 move protect",">p1 move phantomforce",">p2 move wish",">p1 move phantomforce",">p2 switch 5",">p2 switch 5",">p1 move phantomforce",">p2 switch 3",">p1 move phantomforce",">p2 move willowisp",">p1 move phantomforce",">p2 move willowisp",">p1 move phantomforce",">p2 move willowisp",">p1 move dragondance",">p2 move willowisp",">p1 move dragondance",">p2 switch 3",">p1 move phantomforce",">p2 move wish",">p1 move phantomforce",">p2 switch 3",">p2 switch 3",">p1 switch 6",">p2 move wish",">p1 move ironhead",">p2 move moonblast"],"log":["|j|\u2606321","|j|\u260626314","|player|p1|321|schoolkid-gen4|1915","|player|p2|26314|101|1766","|teamsize|p1|6","|teamsize|p2|6","|gametype|singles","|gen|8","|tier|[Gen 8] OU","|rated|","|rule|Sleep Clause Mod: Limit one foe put to sleep","|rule|Species Clause: Limit one of each Pok\u00e9mon","|rule|OHKO Clause: OHKO moves are banned","|rule|Evasion Moves Clause: Evasion moves are banned","|rule|Endless Battle Clause: Forcing endless battles is banned","|rule|HP Percentage Mod: HP is shown in percentages","|clearpoke","|poke|p1|Shuckle, M|","|poke|p1|Mimikyu, M|","|poke|p1|Obstagoon, F|","|poke|p1|Cloyster, M|","|poke|p1|Dragapult, M|","|poke|p1|Kommo-o, M|","|poke|p2|Gengar, F|","|poke|p2|Seismitoad, F|","|poke|p2|Rotom-Heat|","|poke|p2|Corviknight, F|","|poke|p2|Dugtrio, M|","|poke|p2|Clefable, M|","|rule|Dynamax Clause: You cannot dynamax","|teampreview","|j| CFN Pkmn","|j| g1ble","|j| gabros2002","|j| dfoixjvbufiew","|","|start","|switch|p1a: Shuckle|Shuckle, M|244\/244","|switch|p2a: Corviknight|Corviknight, F|399\/399","|-ability|p2a: Corviknight|Pressure","|turn|1","|","|move|p2a: Corviknight|Iron Head|p1a: Shuckle","|-supereffective|p1a: Shuckle","|-damage|p1a: Shuckle|178\/244","|-damage|p2a: Corviknight|333\/399|[from] item: Rocky Helmet|[of] p1a: Shuckle","|move|p1a: Shuckle|Sticky Web|p2a: Corviknight","|-sidestart26314|move: Sticky Web","|","|-heal|p2a: Corviknight|357\/399|[from] item: Leftovers","|upkeep","|turn|2","|","|move|p2a: Corviknight|Iron Head|p1a: Shuckle","|-supereffective|p1a: Shuckle","|-damage|p1a: Shuckle|118\/244","|-damage|p2a: Corviknight|291\/399|[from] item: Rocky Helmet|[of] p1a: Shuckle","|cant|p1a: Shuckle|flinch","|","|-heal|p2a: Corviknight|315\/399|[from] item: Leftovers","|upkeep","|turn|3","|","|move|p2a: Corviknight|Defog|p1a: Shuckle","|-unboost|p1a: Shuckle|evasion|1","|-sideend26314|Sticky Web|[from] move: Defog|[of] p2a: Corviknight","|move|p1a: Shuckle|Encore|p2a: Corviknight","|-start|p2a: Corviknight|Encore","|","|-heal|p2a: Corviknight|339\/399|[from] item: Leftovers","|upkeep","|turn|4","|l| CFN Pkmn","|","|switch|p2a: Seismitoad|Seismitoad, F|414\/414","|move|p1a: Shuckle|Sticky Web|p2a: Seismitoad","|-sidestart26314|move: Sticky Web","|","|upkeep","|turn|5","|","|switch|p2a: Corviknight|Corviknight, F|339\/399","|-ability|p2a: Corviknight|Pressure","|move|p1a: Shuckle|Stealth Rock|p2a: Corviknight","|-sidestart26314|move: Stealth Rock","|","|-heal|p2a: Corviknight|363\/399|[from] item: Leftovers","|upkeep","|turn|6","|j| yoshiguy15","|","|move|p2a: Corviknight|Defog|p1a: Shuckle","|-unboost|p1a: Shuckle|evasion|1","|-sideend26314|Stealth Rock|[from] move: Defog|[of] p2a: Corviknight","|-sideend26314|Sticky Web|[from] move: Defog|[of] p2a: Corviknight","|move|p1a: Shuckle|Encore|p2a: Corviknight","|-start|p2a: Corviknight|Encore","|","|-heal|p2a: Corviknight|387\/399|[from] item: Leftovers","|upkeep","|turn|7","|","|switch|p2a: Gengar|Gengar, F|261\/261","|move|p1a: Shuckle|Sticky Web|p2a: Gengar","|-sidestart26314|move: Sticky Web","|","|upkeep","|turn|8","|","|switch|p2a: Corviknight|Corviknight, F|387\/399","|-ability|p2a: Corviknight|Pressure","|move|p1a: Shuckle|Stealth Rock|p2a: Corviknight","|-sidestart26314|move: Stealth Rock","|","|-heal|p2a: Corviknight|399\/399|[from] item: Leftovers","|upkeep","|turn|9","|","|move|p2a: Corviknight|Defog|p1a: Shuckle","|-unboost|p1a: Shuckle|evasion|1","|-sideend26314|Stealth Rock|[from] move: Defog|[of] p2a: Corviknight","|-sideend26314|Sticky Web|[from] move: Defog|[of] p2a: Corviknight","|move|p1a: Shuckle|Encore|p2a: Corviknight","|-start|p2a: Corviknight|Encore","|","|upkeep","|turn|10","|","|switch|p2a: Seismitoad|Seismitoad, F|414\/414","|move|p1a: Shuckle|Stealth Rock|p2a: Seismitoad","|-sidestart26314|move: Stealth Rock","|","|upkeep","|turn|11","|","|switch|p2a: Corviknight|Corviknight, F|399\/399","|-damage|p2a: Corviknight|350\/399|[from] Stealth Rock","|-ability|p2a: Corviknight|Pressure","|move|p1a: Shuckle|Sticky Web|p2a: Corviknight","|-sidestart26314|move: Sticky Web","|","|-heal|p2a: Corviknight|374\/399|[from] item: Leftovers","|upkeep","|turn|12","|","|move|p2a: Corviknight|Defog|p1a: Shuckle","|-unboost|p1a: Shuckle|evasion|1","|-sideend26314|Stealth Rock|[from] move: Defog|[of] p2a: Corviknight","|-sideend26314|Sticky Web|[from] move: Defog|[of] p2a: Corviknight","|move|p1a: Shuckle|Encore|p2a: Corviknight","|-start|p2a: Corviknight|Encore","|","|-heal|p2a: Corviknight|398\/399|[from] item: Leftovers","|upkeep","|turn|13","|","|switch|p2a: Seismitoad|Seismitoad, F|414\/414","|move|p1a: Shuckle|Sticky Web|p2a: Seismitoad","|-sidestart26314|move: Sticky Web","|","|upkeep","|turn|14","|","|switch|p2a: Corviknight|Corviknight, F|398\/399","|-ability|p2a: Corviknight|Pressure","|move|p1a: Shuckle|Final Gambit|p2a: Corviknight","|-damage|p2a: Corviknight|280\/399","|faint|p1a: Shuckle","|","|-heal|p2a: Corviknight|304\/399|[from] item: Leftovers","|upkeep","|","|switch|p1a: Cloyster|Cloyster, M|246\/246","|turn|15","|","|move|p1a: Cloyster|Shell Smash|p1a: Cloyster","|-unboost|p1a: Cloyster|def|1","|-unboost|p1a: Cloyster|spd|1","|-boost|p1a: Cloyster|atk|2","|-boost|p1a: Cloyster|spa|2","|-boost|p1a: Cloyster|spe|2","|move|p2a: Corviknight|U-turn|p1a: Cloyster","|-damage|p1a: Cloyster|200\/246","|j| Gayskeletor","|","|switch|p2a: Seismitoad|Seismitoad, F|414\/414","|-activate|p2a: Seismitoad|move: Sticky Web","|-unboost|p2a: Seismitoad|spe|1","|","|upkeep","|turn|16","|","|move|p1a: Cloyster|Icicle Spear|p2a: Seismitoad","|-damage|p2a: Seismitoad|348\/414","|-damage|p2a: Seismitoad|273\/414","|-damage|p2a: Seismitoad|203\/414","|-damage|p2a: Seismitoad|140\/414","|-damage|p2a: Seismitoad|76\/414","|-hitcount|p2a: Seismitoad|5","|move|p2a: Seismitoad|Toxic|p1a: Cloyster","|-status|p1a: Cloyster|tox","|","|-heal|p2a: Seismitoad|101\/414|[from] item: Leftovers","|-damage|p1a: Cloyster|185\/246 tox|[from] psn","|upkeep","|turn|17","|","|move|p2a: Seismitoad|Protect|p2a: Seismitoad","|-singleturn|p2a: Seismitoad|Protect","|move|p1a: Cloyster|Icicle Spear|p2a: Seismitoad","|-activate|p2a: Seismitoad|move: Protect","|","|-heal|p2a: Seismitoad|126\/414|[from] item: Leftovers","|-damage|p1a: Cloyster|155\/246 tox|[from] psn","|upkeep","|turn|18","|l| Gayskeletor","|","|move|p2a: Seismitoad|Protect|p2a: Seismitoad","|-singleturn|p2a: Seismitoad|Protect","|move|p1a: Cloyster|Icicle Spear|p2a: Seismitoad","|-activate|p2a: Seismitoad|move: Protect","|","|-heal|p2a: Seismitoad|151\/414|[from] item: Leftovers","|-damage|p1a: Cloyster|110\/246 tox|[from] psn","|upkeep","|turn|19","|j| Gayskeletor","|","|move|p1a: Cloyster|Icicle Spear|p2a: Seismitoad","|-damage|p2a: Seismitoad|81\/414","|-damage|p2a: Seismitoad|14\/414","|-damage|p2a: Seismitoad|0 fnt","|-hitcount|p2a: Seismitoad|3","|faint|p2a: Seismitoad","|","|-damage|p1a: Cloyster|50\/246 tox|[from] psn","|upkeep","|","|switch|p2a: Clefable|Clefable, M|394\/394","|-activate|p2a: Clefable|move: Sticky Web","|-unboost|p2a: Clefable|spe|1","|turn|20","|","|move|p2a: Clefable|Protect|p2a: Clefable","|-singleturn|p2a: Clefable|Protect","|move|p1a: Cloyster|Icicle Spear|p2a: Clefable","|-activate|p2a: Clefable|move: Protect","|","|-damage|p1a: Cloyster|0 fnt|[from] psn","|faint|p1a: Cloyster","|upkeep","|","|switch|p1a: Mimikyu|Mimikyu, M|251\/251","|turn|21","|j| Aephiex","|j| Johnny Snis","|","|move|p1a: Mimikyu|Swords Dance|p1a: Mimikyu","|-boost|p1a: Mimikyu|atk|2","|move|p2a: Clefable|Moonblast|p1a: Mimikyu","|-activate|p1a: Mimikyu|ability: Disguise","|-damage|p1a: Mimikyu|251\/251","|-unboost|p1a: Mimikyu|spa|1","|detailschange|p1a: Mimikyu|Mimikyu-Busted, M","|-damage|p1a: Mimikyu|220\/251|[from] ability: Disguise|[of] p1a: Mimikyu","|","|upkeep","|turn|22","|j| Error526","|","|switch|p2a: Gengar|Gengar, F|261\/261","|-activate|p2a: Gengar|move: Sticky Web","|-unboost|p2a: Gengar|spe|1","|move|p1a: Mimikyu|Shadow Claw|p2a: Gengar","|-supereffective|p2a: Gengar","|-damage|p2a: Gengar|0 fnt","|-damage|p1a: Mimikyu|195\/251|[from] item: Life Orb","|faint|p2a: Gengar","|","|upkeep","|","|switch|p2a: Corviknight|Corviknight, F|304\/399","|-ability|p2a: Corviknight|Pressure","|turn|23","|j| pas si hetero","|j| jefo","|l| yoshiguy15","|","|move|p1a: Mimikyu|Shadow Claw|p2a: Corviknight","|-damage|p2a: Corviknight|100\/399","|-damage|p1a: Mimikyu|170\/251|[from] item: Life Orb","|move|p2a: Corviknight|Roost|p2a: Corviknight","|-heal|p2a: Corviknight|300\/399","|-singleturn|p2a: Corviknight|move: Roost","|","|-heal|p2a: Corviknight|324\/399|[from] item: Leftovers","|upkeep","|turn|24","|j| habajiga","|l| Johnny Snis","|","|move|p1a: Mimikyu|Shadow Claw|p2a: Corviknight","|-damage|p2a: Corviknight|137\/399","|-damage|p1a: Mimikyu|145\/251|[from] item: Life Orb","|move|p2a: Corviknight|Iron Head|p1a: Mimikyu","|-supereffective|p1a: Mimikyu","|-damage|p1a: Mimikyu|0 fnt","|faint|p1a: Mimikyu","|","|-heal|p2a: Corviknight|161\/399|[from] item: Leftovers","|upkeep","|j| Sing And Noise","|","|switch|p1a: Obstagoon|Obstagoon, F|336\/336","|turn|25","|","|move|p1a: Obstagoon|Taunt|p2a: Corviknight","|-start|p2a: Corviknight|move: Taunt","|cant|p2a: Corviknight|move: Taunt|Roost","|","|-heal|p2a: Corviknight|185\/399|[from] item: Leftovers","|-status|p1a: Obstagoon|brn|[from] item: Flame Orb","|upkeep","|turn|26","|","|move|p1a: Obstagoon|Fire Punch|p2a: Corviknight","|-supereffective|p2a: Corviknight","|-damage|p2a: Corviknight|27\/399","|move|p2a: Corviknight|U-turn|p1a: Obstagoon","|-supereffective|p1a: Obstagoon","|-damage|p1a: Obstagoon|236\/336 brn","|","|switch|p2a: Dugtrio|Dugtrio, M|211\/211","|-activate|p2a: Dugtrio|move: Sticky Web","|-unboost|p2a: Dugtrio|spe|1","|","|-damage|p1a: Obstagoon|215\/336 brn|[from] brn","|upkeep","|turn|27","|l| dfoixjvbufiew","|","|move|p1a: Obstagoon|Knock Off|p2a: Dugtrio","|-enditem|p2a: Dugtrio|Focus Sash","|-damage|p2a: Dugtrio|1\/211","|move|p2a: Dugtrio|Reversal|p1a: Obstagoon","|-supereffective|p1a: Obstagoon","|-damage|p1a: Obstagoon|0 fnt","|faint|p1a: Obstagoon","|","|upkeep","|","|switch|p1a: Dragapult|Dragapult, M|328\/328","|turn|28","|","|move|p1a: Dragapult|Sucker Punch|p2a: Dugtrio","|-damage|p2a: Dugtrio|0 fnt","|-damage|p1a: Dragapult|296\/328|[from] item: Life Orb","|faint|p2a: Dugtrio","|","|upkeep","|","|switch|p2a: Clefable|Clefable, M|394\/394","|-activate|p2a: Clefable|move: Sticky Web","|-unboost|p2a: Clefable|spe|1","|turn|29","|","|move|p1a: Dragapult|Phantom Force||[still]","|-prepare|p1a: Dragapult|Phantom Force|p2a: Clefable","|move|p2a: Clefable|Moonblast|p1a: Dragapult|[miss]","|-miss|p2a: Clefable|p1a: Dragapult","|","|upkeep","|turn|30","|","|move|p2a: Clefable|Protect|p2a: Clefable","|-singleturn|p2a: Clefable|Protect","|move|p1a: Dragapult|Phantom Force|p2a: Clefable|[from]lockedmove","|-activate|p2a: Clefable|move: Phantom Force|[broken]","|-damage|p2a: Clefable|152\/394","|-damage|p1a: Dragapult|264\/328|[from] item: Life Orb","|","|-heal|p2a: Clefable|176\/394|[from] item: Leftovers","|upkeep","|turn|31","|j| Moop Lope","|l| pas si hetero","|","|move|p1a: Dragapult|Phantom Force||[still]","|-prepare|p1a: Dragapult|Phantom Force|p2a: Clefable","|move|p2a: Clefable|Wish|p2a: Clefable","|","|-heal|p2a: Clefable|200\/394|[from] item: Leftovers","|upkeep","|turn|32","|","|switch|p2a: Corviknight|Corviknight, F|27\/399","|-ability|p2a: Corviknight|Pressure","|move|p1a: Dragapult|Phantom Force|p2a: Corviknight|[from]lockedmove","|-damage|p2a: Corviknight|0 fnt","|-damage|p1a: Dragapult|232\/328|[from] item: Life Orb","|faint|p2a: Corviknight","|","|upkeep","|","|switch|p2a: Clefable|Clefable, M|200\/394","|-activate|p2a: Clefable|move: Sticky Web","|-unboost|p2a: Clefable|spe|1","|turn|33","|j| Nuclearstomp","|j| the noob power","|","|switch|p2a: Rotom|Rotom-Heat|289\/289","|move|p1a: Dragapult|Phantom Force||[still]","|-prepare|p1a: Dragapult|Phantom Force|p2a: Rotom","|","|upkeep","|turn|34","|","|move|p2a: Rotom|Will-O-Wisp|p1a: Dragapult|[miss]","|-miss|p2a: Rotom|p1a: Dragapult","|move|p1a: Dragapult|Phantom Force|p2a: Rotom|[from]lockedmove","|-damage|p2a: Rotom|104\/289","|-damage|p1a: Dragapult|200\/328|[from] item: Life Orb","|","|upkeep","|turn|35","|","|move|p2a: Rotom|Will-O-Wisp|p1a: Dragapult","|-status|p1a: Dragapult|brn","|move|p1a: Dragapult|Phantom Force||[still]","|-prepare|p1a: Dragapult|Phantom Force|p2a: Rotom","|","|-damage|p1a: Dragapult|180\/328 brn|[from] brn","|upkeep","|turn|36","|l| Nuclearstomp","|","|move|p2a: Rotom|Will-O-Wisp|p1a: Dragapult|[miss]","|-miss|p2a: Rotom|p1a: Dragapult","|move|p1a: Dragapult|Phantom Force|p2a: Rotom|[from]lockedmove","|-damage|p2a: Rotom|12\/289","|-damage|p1a: Dragapult|148\/328 brn|[from] item: Life Orb","|","|-damage|p1a: Dragapult|128\/328 brn|[from] brn","|upkeep","|turn|37","|","|move|p2a: Rotom|Will-O-Wisp|p1a: Dragapult","|-fail|p1a: Dragapult|brn","|move|p1a: Dragapult|Dragon Dance|p1a: Dragapult","|-boost|p1a: Dragapult|atk|1","|-boost|p1a: Dragapult|spe|1","|","|-damage|p1a: Dragapult|108\/328 brn|[from] brn","|upkeep","|turn|38","|l| Error526","|","|switch|p2a: Clefable|Clefable, M|200\/394","|-activate|p2a: Clefable|move: Sticky Web","|-unboost|p2a: Clefable|spe|1","|move|p1a: Dragapult|Dragon Dance|p1a: Dragapult","|-boost|p1a: Dragapult|atk|1","|-boost|p1a: Dragapult|spe|1","|","|-heal|p2a: Clefable|224\/394|[from] item: Leftovers","|-damage|p1a: Dragapult|88\/328 brn|[from] brn","|upkeep","|turn|39","|","|move|p1a: Dragapult|Phantom Force||[still]","|-prepare|p1a: Dragapult|Phantom Force|p2a: Clefable","|move|p2a: Clefable|Wish|p2a: Clefable","|","|-heal|p2a: Clefable|248\/394|[from] item: Leftovers","|-damage|p1a: Dragapult|68\/328 brn|[from] brn","|upkeep","|turn|40","|","|switch|p2a: Rotom|Rotom-Heat|12\/289","|move|p1a: Dragapult|Phantom Force|p2a: Rotom|[from]lockedmove","|-damage|p2a: Rotom|0 fnt","|-damage|p1a: Dragapult|36\/328 brn|[from] item: Life Orb","|faint|p2a: Rotom","|","|-damage|p1a: Dragapult|16\/328 brn|[from] brn","|upkeep","|","|switch|p2a: Clefable|Clefable, M|248\/394","|-activate|p2a: Clefable|move: Sticky Web","|-unboost|p2a: Clefable|spe|1","|turn|41","|l| Gayskeletor","|","|switch|p1a: Kommo-o|Kommo-o, M|291\/291","|move|p2a: Clefable|Wish|p2a: Clefable","|","|-heal|p2a: Clefable|272\/394|[from] item: Leftovers","|upkeep","|turn|42","|","|move|p1a: Kommo-o|Iron Head|p2a: Clefable","|-supereffective|p2a: Clefable","|-damage|p2a: Clefable|0 fnt","|-damage|p1a: Kommo-o|262\/291|[from] item: Life Orb","|faint|p2a: Clefable","|","|win|321","|l|\u260626314","|raw|321's rating: 1915 &rarr; <strong>1928<\/strong><br \/>(+13 for winning)","|raw|26314's rating: 1790 &rarr; <strong>1777<\/strong><br \/>(-13 for losing)",""],"p1":"321","p1rating":1915,"p1team":[{"ability":"sturdy","evs":{"atk":0,"def":252,"hp":252,"spa":0,"spd":4,"spe":0},"happiness":160,"item":"rockyhelmet","ivs":{"atk":0,"def":31,"hp":31,"spa":31,"spd":31,"spe":0},"level":100,"moves":["stealthrock","stickyweb","finalgambit","encore"],"name":"Shuckle","nature":"Relaxed","species":"Shuckle"},{"ability":"disguise","evs":{"atk":252,"def":4,"hp":0,"spa":0,"spd":0,"spe":252},"happiness":160,"item":"lifeorb","ivs":{"atk":31,"def":31,"hp":31,"spa":31,"spd":31,"spe":31},"level":100,"moves":["swordsdance","shadowsneak","drainpunch","shadowclaw"],"name":"Mimikyu","nature":"Adamant","species":"Mimikyu"},{"ability":"guts","evs":{"atk":252,"def":0,"hp":36,"spa":0,"spd":0,"spe":220},"happiness":160,"item":"flameorb","ivs":{"atk":31,"def":31,"hp":31,"spa":31,"spd":31,"spe":31},"level":100,"moves":["knockoff","taunt","firepunch","facade"],"name":"Obstagoon","nature":"Adamant","species":"Obstagoon"},{"ability":"skilllink","evs":{"atk":252,"def":0,"hp":20,"spa":0,"spd":0,"spe":236},"happiness":160,"item":"kingsrock","ivs":{"atk":31,"def":31,"hp":31,"spa":31,"spd":31,"spe":31},"level":100,"moves":["shellsmash","iciclespear","rockblast","iceshard"],"name":"Cloyster","nature":"Adamant","species":"Cloyster"},{"ability":"infiltrator","evs":{"atk":252,"def":0,"hp":44,"spa":0,"spd":0,"spe":212},"happiness":160,"item":"lifeorb","ivs":{"atk":31,"def":31,"hp":31,"spa":31,"spd":31,"spe":31},"level":100,"moves":["dragondance","phantomforce","suckerpunch","dragondarts"],"name":"Dragapult","nature":"Adamant","species":"Dragapult"},{"ability":"bulletproof","evs":{"atk":252,"def":8,"hp":0,"spa":0,"spd":0,"spe":248},"happiness":160,"item":"lifeorb","ivs":{"atk":31,"def":31,"hp":31,"spa":31,"spd":31,"spe":31},"level":100,"moves":["dragondance","closecombat","earthquake","ironhead"],"name":"Kommo-o","nature":"Adamant","species":"Kommo-o"}],"p2":"26314","p2rating":1766,"p2team":[{"ability":"cursedbody","evs":{"atk":0,"def":0,"hp":0,"spa":252,"spd":4,"spe":252},"happiness":160,"item":"blacksludge","ivs":{"atk":0,"def":31,"hp":31,"spa":31,"spd":31,"spe":31},"level":100,"moves":["nastyplot","willowisp","substitute","hex"],"name":"Gengar","nature":"Timid","species":"Gengar"},{"ability":"waterabsorb","evs":{"atk":0,"def":252,"hp":252,"spa":0,"spd":0,"spe":4},"happiness":160,"item":"leftovers","ivs":{"atk":0,"def":31,"hp":31,"spa":31,"spd":31,"spe":31},"level":100,"moves":["stealthrock","scald","protect","toxic"],"name":"Seismitoad","nature":"Bold","species":"Seismitoad"},{"ability":"levitate","evs":{"atk":0,"def":120,"hp":192,"spa":0,"spd":0,"spe":196},"gender":"N","happiness":160,"item":"choicescarf","ivs":{"atk":0,"def":31,"hp":31,"spa":31,"spd":31,"spe":31},"level":100,"moves":["trick","voltswitch","overheat","willowisp"],"name":"Rotom","nature":"Timid","species":"rotomheat"},{"ability":"pressure","evs":{"atk":0,"def":216,"hp":248,"spa":0,"spd":44,"spe":0},"happiness":160,"item":"leftovers","ivs":{"atk":31,"def":31,"hp":31,"spa":31,"spd":31,"spe":30},"level":100,"moves":["ironhead","uturn","roost","defog"],"name":"Corviknight","nature":"Impish","species":"Corviknight"},{"ability":"arenatrap","evs":{"atk":252,"def":0,"hp":0,"spa":0,"spd":4,"spe":252},"happiness":160,"item":"focussash","ivs":{"atk":31,"def":31,"hp":31,"spa":31,"spd":31,"spe":31},"level":100,"moves":["screech","earthquake","reversal","suckerpunch"],"name":"Dugtrio","nature":"Jolly","species":"Dugtrio"},{"ability":"magicguard","evs":{"atk":0,"def":80,"hp":252,"spa":0,"spd":176,"spe":0},"happiness":160,"item":"leftovers","ivs":{"atk":0,"def":31,"hp":31,"spa":31,"spd":31,"spe":31},"level":100,"moves":["protect","wish","thunderwave","moonblast"],"name":"Clefable","nature":"Calm","species":"Clefable"}],"roomid":1019580,"score":[2,0],"seed":[51642,24692,7529,31332],"timestamp":"Sat Dec 28 2019 18:XX","turns":42,"winner":"321","rated_battle":true,"average_rating":1840}