{"endType":"forfeit","format":"gen8ou","inputLog":[">version aa9f8c6b9cf4eca780a1296832ecd3b0009641e0",">version-origin 5e8529faaa5905c5f8e15eafaaefa806ee8c7d06",">start {\"formatid\":\"gen8ou\",\"seed\":[57388,47294,23183,34494],\"rated\":\"Rated battle\"}",">player p1 {\"\"name\":\"21907\",\"rating\":1206}",">player p2 {\"\"name\":\"5532\",\"rating\":1238}",">p1 team 5, 2, 3, 4, 1, 6",">p2 team 4, 2, 3, 1, 5, 6",">p1 move pyroball",">p2 move protect",">p1 move pyroball",">p2 switch 4",">p1 move pyroball",">p2 move sludgebomb",">p2 switch 3",">p1 move uturn",">p2 move uturn",">p1 switch 3",">p2 switch 6",">p1 move bravebird",">p2 move nastyplot",">p1 move bravebird",">p2 move shadowball",">p2 switch 4",">p1 move roost",">p2 move stealthrock",">p1 move defog",">p2 move gyroball",">p1 move bodypress",">p2 move stealthrock",">p1 move bodypress",">p2 move leechseed",">p1 move bodypress",">p2 move leechseed",">p1 move roost",">p2 move gyroball",">p1 move bodypress",">p2 move protect",">p1 switch 3",">p2 move gyroball",">p1 switch 5",">p1 move substitute",">p2 move leechseed",">p1 move bulkup",">p2 move gyroball",">p1 move substitute",">p2 move gyroball",">p1 move darkestlariat",">p2 move gyroball",">p1 switch 4",">p1 move fireblast",">p2 move protect",">p1 move fireblast",">p2 switch 6",">p1 move uturn",">p2 move dragonpulse",">p1 switch 3",">p2 switch 2",">p1 move bodypress",">p2 move iciclecrash"],"log":["|j|\u260621907","|j|\u26065532","|player|p1|21907|hugh|1206","|player|p2|5532|swimmerf|1238","|teamsize|p1|6","|teamsize|p2|6","|gametype|singles","|gen|8","|tier|[Gen 8] OU","|rated|","|rule|Sleep Clause Mod: Limit one foe put to sleep","|rule|Species Clause: Limit one of each Pok\u00e9mon","|rule|OHKO Clause: OHKO moves are banned","|rule|Evasion Moves Clause: Evasion moves are banned","|rule|Endless Battle Clause: Forcing endless battles is banned","|rule|HP Percentage Mod: HP is shown in percentages","|clearpoke","|poke|p1|Grimmsnarl, M|","|poke|p1|Ditto|","|poke|p1|Corviknight, M|","|poke|p1|Dragapult, F|","|poke|p1|Cinderace, M|","|poke|p1|Seismitoad, M|","|poke|p2|Salazzle, F|","|poke|p2|Weavile, F|","|poke|p2|Hydreigon, F|","|poke|p2|Ferrothorn, M|","|poke|p2|Hawlucha, M|","|poke|p2|Gengar, M|","|rule|Dynamax Clause: You cannot dynamax","|teampreview","|","|start","|switch|p1a: Pyrobut|Cinderace, M, shiny|302\/302","|switch|p2a: Ferrothorn|Ferrothorn, M|352\/352","|turn|1","|","|move|p2a: Ferrothorn|Protect|p2a: Ferrothorn","|-singleturn|p2a: Ferrothorn|Protect","|move|p1a: Pyrobut|Pyro Ball|p2a: Ferrothorn","|-activate|p2a: Ferrothorn|move: Protect","|","|upkeep","|turn|2","|","|switch|p2a: Salazzle|Salazzle, F|278\/278","|move|p1a: Pyrobut|Pyro Ball|p2a: Salazzle","|-resisted|p2a: Salazzle","|-damage|p2a: Salazzle|131\/278","|","|upkeep","|turn|3","|","|move|p2a: Salazzle|Sludge Bomb|p1a: Pyrobut","|-damage|p1a: Pyrobut|89\/302","|-status|p1a: Pyrobut|psn","|move|p1a: Pyrobut|Pyro Ball|p2a: Salazzle","|-resisted|p2a: Salazzle","|-damage|p2a: Salazzle|0 fnt","|faint|p2a: Salazzle","|","|-damage|p1a: Pyrobut|52\/302 psn|[from] psn","|upkeep","|","|switch|p2a: Hydreigon|Hydreigon, F|326\/326","|turn|4","|","|move|p1a: Pyrobut|U-turn|p2a: Hydreigon","|-supereffective|p2a: Hydreigon","|-damage|p2a: Hydreigon|144\/326","|","|switch|p1a: Corvaillus|Corviknight, M, shiny|400\/400","|-ability|p1a: Corvaillus|Pressure","|move|p2a: Hydreigon|U-turn|p1a: Corvaillus","|-resisted|p1a: Corvaillus","|-damage|p1a: Corvaillus|390\/400","|","|switch|p2a: Gengar|Gengar, M|261\/261","|","|-heal|p1a: Corvaillus|400\/400|[from] item: Leftovers","|upkeep","|turn|5","|","|move|p2a: Gengar|Nasty Plot|p2a: Gengar","|-boost|p2a: Gengar|spa|2","|move|p1a: Corvaillus|Brave Bird|p2a: Gengar","|-damage|p2a: Gengar|59\/261","|-damage|p1a: Corvaillus|333\/400|[from] Recoil","|","|-heal|p1a: Corvaillus|358\/400|[from] item: Leftovers","|upkeep","|turn|6","|l|\u26065532","|player|p2|","|j|\u26065532","|player|p2|5532|swimmerf","|","|move|p2a: Gengar|Shadow Ball|p1a: Corvaillus","|-damage|p1a: Corvaillus|70\/400","|move|p1a: Corvaillus|Brave Bird|p2a: Gengar","|-damage|p2a: Gengar|0 fnt","|-damage|p1a: Corvaillus|51\/400|[from] Recoil","|faint|p2a: Gengar","|","|-heal|p1a: Corvaillus|76\/400|[from] item: Leftovers","|upkeep","|","|switch|p2a: Ferrothorn|Ferrothorn, M|352\/352","|turn|7","|","|move|p1a: Corvaillus|Roost|p1a: Corvaillus","|-heal|p1a: Corvaillus|276\/400","|-singleturn|p1a: Corvaillus|move: Roost","|move|p2a: Ferrothorn|Stealth Rock|p1a: Corvaillus","|-sidestart21907|move: Stealth Rock","|","|-heal|p1a: Corvaillus|301\/400|[from] item: Leftovers","|upkeep","|turn|8","|","|move|p1a: Corvaillus|Defog|p2a: Ferrothorn","|-unboost|p2a: Ferrothorn|evasion|1","|-sideend21907|Stealth Rock|[from] move: Defog|[of] p1a: Corvaillus","|move|p2a: Ferrothorn|Gyro Ball|p1a: Corvaillus","|-resisted|p1a: Corvaillus","|-damage|p1a: Corvaillus|255\/400","|","|-heal|p1a: Corvaillus|280\/400|[from] item: Leftovers","|upkeep","|turn|9","|","|move|p1a: Corvaillus|Body Press|p2a: Ferrothorn","|-supereffective|p2a: Ferrothorn","|-damage|p2a: Ferrothorn|218\/352","|-damage|p1a: Corvaillus|230\/400|[from] ability: Iron Barbs|[of] p2a: Ferrothorn","|move|p2a: Ferrothorn|Stealth Rock|p1a: Corvaillus","|-sidestart21907|move: Stealth Rock","|","|-heal|p1a: Corvaillus|255\/400|[from] item: Leftovers","|-heal|p2a: Ferrothorn|240\/352|[from] item: Leftovers","|upkeep","|turn|10","|","|move|p1a: Corvaillus|Body Press|p2a: Ferrothorn","|-supereffective|p2a: Ferrothorn","|-damage|p2a: Ferrothorn|118\/352","|-damage|p1a: Corvaillus|205\/400|[from] ability: Iron Barbs|[of] p2a: Ferrothorn","|move|p2a: Ferrothorn|Leech Seed|p1a: Corvaillus|[miss]","|-miss|p2a: Ferrothorn|p1a: Corvaillus","|","|-heal|p1a: Corvaillus|230\/400|[from] item: Leftovers","|-heal|p2a: Ferrothorn|140\/352|[from] item: Leftovers","|upkeep","|turn|11","|","|move|p1a: Corvaillus|Body Press|p2a: Ferrothorn","|-supereffective|p2a: Ferrothorn","|-damage|p2a: Ferrothorn|10\/352","|-damage|p1a: Corvaillus|180\/400|[from] ability: Iron Barbs|[of] p2a: Ferrothorn","|move|p2a: Ferrothorn|Leech Seed|p1a: Corvaillus","|-start|p1a: Corvaillus|move: Leech Seed","|","|-heal|p1a: Corvaillus|205\/400|[from] item: Leftovers","|-heal|p2a: Ferrothorn|32\/352|[from] item: Leftovers","|-damage|p1a: Corvaillus|155\/400|[from] Leech Seed|[of] p2a: Ferrothorn","|-heal|p2a: Ferrothorn|82\/352|[silent]","|upkeep","|turn|12","|","|move|p1a: Corvaillus|Roost|p1a: Corvaillus","|-heal|p1a: Corvaillus|355\/400","|-singleturn|p1a: Corvaillus|move: Roost","|move|p2a: Ferrothorn|Gyro Ball|p1a: Corvaillus","|-resisted|p1a: Corvaillus","|-damage|p1a: Corvaillus|303\/400","|","|-heal|p1a: Corvaillus|328\/400|[from] item: Leftovers","|-heal|p2a: Ferrothorn|104\/352|[from] item: Leftovers","|-damage|p1a: Corvaillus|278\/400|[from] Leech Seed|[of] p2a: Ferrothorn","|-heal|p2a: Ferrothorn|154\/352|[silent]","|upkeep","|turn|13","|","|move|p2a: Ferrothorn|Protect|p2a: Ferrothorn","|-singleturn|p2a: Ferrothorn|Protect","|move|p1a: Corvaillus|Body Press|p2a: Ferrothorn","|-activate|p2a: Ferrothorn|move: Protect","|","|-heal|p1a: Corvaillus|303\/400|[from] item: Leftovers","|-heal|p2a: Ferrothorn|176\/352|[from] item: Leftovers","|-damage|p1a: Corvaillus|253\/400|[from] Leech Seed|[of] p2a: Ferrothorn","|-heal|p2a: Ferrothorn|226\/352|[silent]","|upkeep","|turn|14","|","|switch|p1a: Pyrobut|Cinderace, M, shiny|52\/302 psn","|move|p2a: Ferrothorn|Gyro Ball|p1a: Pyrobut","|-resisted|p1a: Pyrobut","|-damage|p1a: Pyrobut|0 fnt","|faint|p1a: Pyrobut","|","|-heal|p2a: Ferrothorn|248\/352|[from] item: Leftovers","|upkeep","|","|switch|p1a: Angoliath|Grimmsnarl, M, shiny|394\/394","|-damage|p1a: Angoliath|345\/394|[from] Stealth Rock","|turn|15","|","|move|p1a: Angoliath|Substitute|p1a: Angoliath","|-start|p1a: Angoliath|Substitute","|-damage|p1a: Angoliath|247\/394","|move|p2a: Ferrothorn|Leech Seed||[still]","|-fail|p2a: Ferrothorn","|","|-heal|p1a: Angoliath|271\/394|[from] item: Leftovers","|-heal|p2a: Ferrothorn|270\/352|[from] item: Leftovers","|upkeep","|turn|16","|","|move|p1a: Angoliath|Bulk Up|p1a: Angoliath","|-boost|p1a: Angoliath|atk|1","|-boost|p1a: Angoliath|def|1","|move|p2a: Ferrothorn|Gyro Ball|p1a: Angoliath","|-supereffective|p1a: Angoliath","|-end|p1a: Angoliath|Substitute","|","|-heal|p1a: Angoliath|295\/394|[from] item: Leftovers","|-heal|p2a: Ferrothorn|292\/352|[from] item: Leftovers","|upkeep","|turn|17","|","|move|p1a: Angoliath|Substitute|p1a: Angoliath","|-start|p1a: Angoliath|Substitute","|-damage|p1a: Angoliath|197\/394","|move|p2a: Ferrothorn|Gyro Ball|p1a: Angoliath","|-supereffective|p1a: Angoliath","|-end|p1a: Angoliath|Substitute","|","|-heal|p1a: Angoliath|221\/394|[from] item: Leftovers","|-heal|p2a: Ferrothorn|314\/352|[from] item: Leftovers","|upkeep","|turn|18","|","|move|p1a: Angoliath|Darkest Lariat|p2a: Ferrothorn","|-damage|p2a: Ferrothorn|173\/352","|-damage|p1a: Angoliath|172\/394|[from] ability: Iron Barbs|[of] p2a: Ferrothorn","|move|p2a: Ferrothorn|Gyro Ball|p1a: Angoliath","|-supereffective|p1a: Angoliath","|-damage|p1a: Angoliath|0 fnt","|faint|p1a: Angoliath","|","|-heal|p2a: Ferrothorn|195\/352|[from] item: Leftovers","|upkeep","|","|switch|p1a: Lanssorien|Dragapult, F, shiny|318\/318","|-damage|p1a: Lanssorien|279\/318|[from] Stealth Rock","|turn|19","|","|move|p2a: Ferrothorn|Protect|p2a: Ferrothorn","|-singleturn|p2a: Ferrothorn|Protect","|move|p1a: Lanssorien|Fire Blast|p2a: Ferrothorn","|-activate|p2a: Ferrothorn|move: Protect","|","|-heal|p2a: Ferrothorn|217\/352|[from] item: Leftovers","|upkeep","|turn|20","|","|switch|p2a: Hydreigon|Hydreigon, F|144\/326","|move|p1a: Lanssorien|Fire Blast|p2a: Hydreigon","|-resisted|p2a: Hydreigon","|-damage|p2a: Hydreigon|69\/326","|-damage|p1a: Lanssorien|248\/318|[from] item: Life Orb","|","|upkeep","|turn|21","|","|move|p1a: Lanssorien|U-turn|p2a: Hydreigon","|-supereffective|p2a: Hydreigon","|-damage|p2a: Hydreigon|0 fnt","|-damage|p1a: Lanssorien|217\/318|[from] item: Life Orb","|faint|p2a: Hydreigon","|","|switch|p1a: Corvaillus|Corviknight, M, shiny|253\/400","|-damage|p1a: Corvaillus|203\/400|[from] Stealth Rock","|-ability|p1a: Corvaillus|Pressure","|","|-heal|p1a: Corvaillus|228\/400|[from] item: Leftovers","|upkeep","|l|\u260621907","|player|p1|","|j|\u260621907","|player|p1|21907|hugh","|","|switch|p2a: Weavile|Weavile, F|282\/282","|-ability|p2a: Weavile|Pressure","|turn|22","|","|move|p2a: Weavile|Icicle Crash|p1a: Corvaillus|[miss]","|-miss|p2a: Weavile|p1a: Corvaillus","|move|p1a: Corvaillus|Body Press|p2a: Weavile","|-supereffective|p2a: Weavile","|-damage|p2a: Weavile|0 fnt","|faint|p2a: Weavile","|","|-heal|p1a: Corvaillus|253\/400|[from] item: Leftovers","|upkeep","|-message|5532 forfeited.","|","|win|21907","|l|\u26065532","|l|\u260621907","|raw|21907's rating: 1207 &rarr; <strong>1234<\/strong><br \/>(+27 for winning)","|raw|5532's rating: 1239 &rarr; <strong>1212<\/strong><br \/>(-27 for losing)",""],"p1":"21907","p1rating":1206,"p1team":[{"ability":"prankster","evs":{"atk":120,"def":0,"hp":252,"spa":0,"spd":136,"spe":0},"gender":"M","happiness":160,"item":"leftovers","ivs":{"atk":31,"def":31,"hp":31,"spa":31,"spd":31,"spe":31},"level":100,"moves":["spiritbreak","darkestlariat","bulkup","substitute"],"name":"Angoliath","nature":"Careful","shiny":true,"species":"Grimmsnarl"},{"ability":"imposter","evs":{"atk":4,"def":252,"hp":252,"spa":0,"spd":0,"spe":0},"gender":"N","happiness":160,"item":"choicescarf","ivs":{"atk":31,"def":31,"hp":31,"spa":31,"spd":31,"spe":31},"level":100,"moves":["transform"],"name":"M\u00e9tamorph","nature":"Relaxed","shiny":true,"species":"ditto"},{"ability":"pressure","evs":{"atk":0,"def":76,"hp":252,"spa":0,"spd":180,"spe":0},"gender":"M","happiness":160,"item":"leftovers","ivs":{"atk":31,"def":31,"hp":31,"spa":31,"spd":31,"spe":31},"level":100,"moves":["bravebird","roost","defog","bodypress"],"name":"Corvaillus","nature":"Impish","shiny":true,"species":"corviknight"},{"ability":"infiltrator","evs":{"atk":0,"def":0,"hp":4,"spa":252,"spd":0,"spe":252},"gender":"F","happiness":160,"item":"lifeorb","ivs":{"atk":31,"def":31,"hp":31,"spa":31,"spd":31,"spe":31},"level":100,"moves":["fireblast","thunderbolt","uturn","dracometeor"],"name":"Lanssorien","nature":"Timid","shiny":true,"species":"dragapult"},{"ability":"blaze","evs":{"atk":252,"def":0,"hp":4,"spa":0,"spd":0,"spe":252},"gender":"M","happiness":160,"item":"heavydutyboots","ivs":{"atk":31,"def":31,"hp":31,"spa":31,"spd":31,"spe":31},"level":100,"moves":["courtchange","pyroball","highjumpkick","uturn"],"name":"Pyrobut","nature":"Jolly","shiny":true,"species":"cinderace"},{"ability":"waterabsorb","evs":{"atk":0,"def":252,"hp":252,"spa":0,"spd":4,"spe":0},"gender":"M","happiness":160,"item":"leftovers","ivs":{"atk":31,"def":31,"hp":31,"spa":31,"spd":31,"spe":31},"level":100,"moves":["stealthrock","scald","earthquake","toxic"],"name":"Crapustule","nature":"Relaxed","shiny":true,"species":"seismitoad"}],"p2":"5532","p2rating":1238,"p2team":[{"ability":"corrosion","evs":{"atk":0,"def":0,"hp":4,"spa":252,"spd":0,"spe":252},"gender":"F","happiness":160,"item":"choicescarf","ivs":{"atk":31,"def":31,"hp":31,"spa":31,"spd":31,"spe":31},"level":100,"moves":["sludgebomb","fireblast","dragonpulse","knockoff"],"name":"Salazzle","nature":"Modest","species":"Salazzle"},{"ability":"pressure","evs":{"atk":252,"def":0,"hp":4,"spa":0,"spd":0,"spe":252},"happiness":160,"item":"choiceband","ivs":{"atk":31,"def":31,"hp":31,"spa":31,"spd":31,"spe":31},"level":100,"moves":["iciclecrash","iceshard","throatchop","fakeout"],"name":"Weavile","nature":"Jolly","species":"Weavile"},{"ability":"levitate","evs":{"atk":0,"def":0,"hp":4,"spa":252,"spd":0,"spe":252},"happiness":160,"item":"choicespecs","ivs":{"atk":31,"def":31,"hp":31,"spa":31,"spd":31,"spe":31},"level":100,"moves":["dragonpulse","darkpulse","uturn","earthpower"],"name":"Hydreigon","nature":"Modest","species":"Hydreigon"},{"ability":"ironbarbs","evs":{"atk":0,"def":4,"hp":252,"spa":0,"spd":252,"spe":0},"happiness":160,"item":"leftovers","ivs":{"atk":31,"def":31,"hp":31,"spa":31,"spd":31,"spe":0},"level":100,"moves":["stealthrock","leechseed","protect","gyroball"],"name":"Ferrothorn","nature":"Sassy","species":"Ferrothorn"},{"ability":"unburden","evs":{"atk":252,"def":0,"hp":4,"spa":0,"spd":0,"spe":252},"happiness":160,"item":"whiteherb","ivs":{"atk":31,"def":31,"hp":31,"spa":31,"spd":31,"spe":31},"level":100,"moves":["closecombat","bravebird","swordsdance","roost"],"name":"Hawlucha","nature":"Adamant","species":"Hawlucha"},{"ability":"cursedbody","evs":{"atk":0,"def":0,"hp":0,"spa":252,"spd":0,"spe":252},"happiness":160,"item":"focussash","ivs":{"atk":0,"def":31,"hp":31,"spa":31,"spd":31,"spe":31},"level":100,"moves":["nastyplot","shadowball","focusblast","encore"],"name":"Gengar","nature":"Timid","species":"Gengar"}],"roomid":101419,"score":[4,2],"seed":[57388,47294,23183,34494],"timestamp":"Mon Dec 30 2019 12:XX","turns":22,"winner":"21907","rated_battle":true,"average_rating":1222}