{"endType":"forfeit","format":"gen8ou","inputLog":[">version aa9f8c6b9cf4eca780a1296832ecd3b0009641e0",">version-origin 5e8529faaa5905c5f8e15eafaaefa806ee8c7d06",">start {\"formatid\":\"gen8ou\",\"seed\":[59228,14218,31168,14761],\"rated\":\"Rated battle\"}",">player p1 {\"\"name\":\"27114\",\"rating\":1559}",">player p2 {\"\"name\":\"26464\",\"rating\":1487}",">p1 team 2, 1, 3, 4, 5, 6",">p2 team 3, 2, 1, 4, 5, 6",">p1 switch 6",">p2 switch 6",">p1 move stealthrock",">p2 move willowisp",">p1 move stoneedge",">p2 switch 4",">p1 switch 6",">p2 move defog",">p1 move fishiousrend",">p2 switch 4",">p2 switch 3",">p1 switch 2",">p2 move swordsdance",">p1 move scald",">p2 move rockslide",">p1 switch 5",">p1 move earthquake",">p2 switch 4",">p1 switch 2",">p2 switch 6",">p1 move psychicfangs",">p2 move boomburst"],"log":["|j|\u260627114","|j|\u260626464","|player|p1|27114|acetrainer-gen4|1559","|player|p2|26464|169|1487","|teamsize|p1|6","|teamsize|p2|6","|gametype|singles","|gen|8","|tier|[Gen 8] OU","|rated|","|rule|Sleep Clause Mod: Limit one foe put to sleep","|rule|Species Clause: Limit one of each Pok\u00e9mon","|rule|OHKO Clause: OHKO moves are banned","|rule|Evasion Moves Clause: Evasion moves are banned","|rule|Endless Battle Clause: Forcing endless battles is banned","|rule|HP Percentage Mod: HP is shown in percentages","|clearpoke","|poke|p1|Pelipper, M|","|poke|p1|Dracovish|","|poke|p1|Clefable, M|","|poke|p1|Jellicent, M|","|poke|p1|Excadrill, M|","|poke|p1|Tyranitar, F|","|poke|p2|Excadrill, M|","|poke|p2|Tyranitar, M|","|poke|p2|Toxtricity, F|","|poke|p2|Corviknight, M|","|poke|p2|Aegislash, M|","|poke|p2|Rotom-Mow|","|rule|Dynamax Clause: You cannot dynamax","|teampreview","|raw|<div class=\"broadcast-red\"><strong>This room is now invite only!<\/strong><br \/>Users must be rank + or invited with <code>\/invite<\/code> to join<\/div>","|","|start","|switch|p1a: Chimera|Dracovish|321\/321","|switch|p2a: Toxtricity|Toxtricity, F|292\/292","|turn|1","|","|switch|p2a: Rotom|Rotom-Mow|241\/241","|switch|p1a: Tyranitar|Tyranitar, F|404\/404","|-weather|Sandstorm|[from] ability: Sand Stream|[of] p1a: Tyranitar","|","|-weather|Sandstorm|[upkeep]","|-damage|p2a: Rotom|226\/241|[from] Sandstorm","|upkeep","|turn|2","|","|move|p2a: Rotom|Will-O-Wisp|p1a: Tyranitar","|-status|p1a: Tyranitar|brn","|move|p1a: Tyranitar|Stealth Rock|p2a: Rotom","|-sidestart26464|move: Stealth Rock","|","|-weather|Sandstorm|[upkeep]","|-damage|p2a: Rotom|211\/241|[from] Sandstorm","|-damage|p1a: Tyranitar|379\/404 brn|[from] brn","|upkeep","|turn|3","|","|switch|p2a: Corviknight|Corviknight, M|400\/400","|-damage|p2a: Corviknight|350\/400|[from] Stealth Rock","|-ability|p2a: Corviknight|Pressure","|move|p1a: Tyranitar|Stone Edge|p2a: Corviknight","|-damage|p2a: Corviknight|293\/400","|","|-weather|Sandstorm|[upkeep]","|-heal|p2a: Corviknight|318\/400|[from] item: Leftovers","|-damage|p1a: Tyranitar|354\/404 brn|[from] brn","|upkeep","|turn|4","|","|switch|p1a: Chimera|Dracovish|321\/321","|move|p2a: Corviknight|Defog|p1a: Chimera","|-unboost|p1a: Chimera|evasion|1","|-sideend26464|Stealth Rock|[from] move: Defog|[of] p2a: Corviknight","|","|-weather|Sandstorm|[upkeep]","|-damage|p1a: Chimera|301\/321|[from] Sandstorm","|-heal|p2a: Corviknight|343\/400|[from] item: Leftovers","|upkeep","|turn|5","|","|switch|p2a: Rotom|Rotom-Mow|211\/241","|move|p1a: Chimera|Fishious Rend|p2a: Rotom","|-resisted|p2a: Rotom","|-damage|p2a: Rotom|0 fnt","|faint|p2a: Rotom","|","|-weather|Sandstorm|[upkeep]","|-damage|p1a: Chimera|281\/321|[from] Sandstorm","|upkeep","|","|switch|p2a: Excadrill|Excadrill, M|361\/361","|turn|6","|","|switch|p1a: The Pelican Brief|Pelipper, M|324\/324","|-weather|RainDance|[from] ability: Drizzle|[of] p1a: The Pelican Brief","|move|p2a: Excadrill|Swords Dance|p2a: Excadrill","|-boost|p2a: Excadrill|atk|2","|","|-weather|RainDance|[upkeep]","|upkeep","|turn|7","|","|move|p2a: Excadrill|Rock Slide|p1a: The Pelican Brief","|-supereffective|p1a: The Pelican Brief","|-damage|p1a: The Pelican Brief|0 fnt","|-damage|p2a: Excadrill|325\/361|[from] item: Life Orb","|faint|p1a: The Pelican Brief","|","|-weather|RainDance|[upkeep]","|upkeep","|","|switch|p1a: Excadrill|Excadrill, M|361\/361","|-item|p1a: Excadrill|Air Balloon","|turn|8","|","|switch|p2a: Corviknight|Corviknight, M|343\/400","|-ability|p2a: Corviknight|Pressure","|move|p1a: Excadrill|Earthquake|p2a: Corviknight","|-immune|p2a: Corviknight","|","|-weather|RainDance|[upkeep]","|-heal|p2a: Corviknight|368\/400|[from] item: Leftovers","|upkeep","|turn|9","|","|switch|p1a: Chimera|Dracovish|281\/321","|switch|p2a: Toxtricity|Toxtricity, F|292\/292","|","|-weather|RainDance|[upkeep]","|upkeep","|turn|10","|","|move|p2a: Toxtricity|Boomburst|p1a: Chimera","|-crit|p1a: Chimera","|-damage|p1a: Chimera|0 fnt","|faint|p1a: Chimera","|","|-weather|none","|upkeep","|-message|27114 forfeited.","|","|win|26464","|l|\u260627114","|raw|27114's rating: 1536 &rarr; <strong>1514<\/strong><br \/>(-22 for losing)","|raw|Firestorm&apos;s End's rating: 1487 &rarr; <strong>1510<\/strong><br \/>(+23 for winning)",""],"p1":"27114","p1rating":1559,"p1team":[{"ability":"drizzle","evs":{"atk":0,"def":252,"hp":252,"spa":4,"spd":0,"spe":0},"happiness":160,"item":"heavydutyboots","ivs":{"atk":31,"def":31,"hp":31,"spa":31,"spd":31,"spe":31},"level":100,"moves":["knockoff","uturn","roost","scald"],"name":"The Pelican Brief","nature":"Bold","species":"pelipper"},{"ability":"strongjaw","evs":{"atk":252,"def":0,"hp":0,"spa":0,"spd":4,"spe":252},"gender":"N","happiness":160,"item":"choiceband","ivs":{"atk":31,"def":31,"hp":31,"spa":31,"spd":31,"spe":31},"level":100,"moves":["fishiousrend","outrage","crunch","psychicfangs"],"name":"Chimera","nature":"Adamant","species":"dracovish"},{"ability":"magicguard","evs":{"atk":0,"def":0,"hp":196,"spa":252,"spd":0,"spe":60},"gender":"M","happiness":160,"item":"lifeorb","ivs":{"atk":0,"def":31,"hp":31,"spa":31,"spd":31,"spe":31},"level":100,"moves":["moonblast","flamethrower","thunderbolt","moonlight"],"name":"Cosmo","nature":"Modest","shiny":true,"species":"clefable"},{"ability":"waterabsorb","evs":{"atk":0,"def":252,"hp":204,"spa":0,"spd":0,"spe":52},"gender":"M","happiness":160,"item":"leftovers","ivs":{"atk":0,"def":31,"hp":31,"spa":31,"spd":31,"spe":31},"level":100,"moves":["nightshade","strengthsap","willowisp","taunt"],"name":"Mostacho","nature":"Timid","species":"jellicent"},{"ability":"sandrush","evs":{"atk":252,"def":0,"hp":0,"spa":0,"spd":4,"spe":252},"happiness":160,"item":"airballoon","ivs":{"atk":31,"def":31,"hp":31,"spa":31,"spd":31,"spe":31},"level":100,"moves":["earthquake","ironhead","rockslide","rapidspin"],"name":"Excadrill","nature":"Jolly","species":"Excadrill"},{"ability":"sandstream","evs":{"atk":52,"def":0,"hp":252,"spa":0,"spd":204,"spe":0},"happiness":160,"item":"smoothrock","ivs":{"atk":31,"def":31,"hp":31,"spa":31,"spd":31,"spe":31},"level":100,"moves":["stealthrock","stoneedge","flamethrower","crunch"],"name":"Tyranitar","nature":"Brave","species":"Tyranitar"}],"p2":"26464","p2rating":1487,"p2team":[{"ability":"sandrush","evs":{"atk":252,"def":0,"hp":0,"spa":0,"spd":4,"spe":252},"happiness":160,"item":"lifeorb","ivs":{"atk":31,"def":31,"hp":31,"spa":31,"spd":31,"spe":31},"level":100,"moves":["earthquake","ironhead","rockslide","swordsdance"],"name":"Excadrill","nature":"Jolly","species":"Excadrill"},{"ability":"sandstream","evs":{"atk":24,"def":0,"hp":252,"spa":0,"spd":232,"spe":0},"happiness":160,"item":"smoothrock","ivs":{"atk":31,"def":31,"hp":31,"spa":31,"spd":31,"spe":31},"level":100,"moves":["crunch","stoneedge","stealthrock","firepunch"],"name":"Tyranitar","nature":"Careful","species":"Tyranitar"},{"ability":"punkrock","evs":{"atk":0,"def":0,"hp":4,"spa":252,"spd":0,"spe":252},"happiness":160,"item":"choicespecs","ivs":{"atk":0,"def":31,"hp":31,"spa":31,"spd":31,"spe":31},"level":100,"moves":["overdrive","boomburst","voltswitch","sludgewave"],"name":"Toxtricity","nature":"Timid","species":"Toxtricity"},{"ability":"pressure","evs":{"atk":0,"def":252,"hp":252,"spa":0,"spd":4,"spe":0},"happiness":160,"item":"leftovers","ivs":{"atk":31,"def":31,"hp":31,"spa":31,"spd":31,"spe":31},"level":100,"moves":["bodypress","bravebird","roost","defog"],"name":"Corviknight","nature":"Impish","species":"Corviknight"},{"ability":"stancechange","evs":{"atk":4,"def":0,"hp":252,"spa":252,"spd":0,"spe":0},"happiness":160,"item":"lifeorb","ivs":{"atk":31,"def":31,"hp":31,"spa":31,"spd":31,"spe":31},"level":100,"moves":["shadowball","shadowsneak","closecombat","kingsshield"],"name":"Aegislash","nature":"Quiet","species":"Aegislash"},{"ability":"levitate","evs":{"atk":0,"def":0,"hp":0,"spa":252,"spd":4,"spe":252},"gender":"N","happiness":160,"item":"choicescarf","ivs":{"atk":0,"def":31,"hp":31,"spa":31,"spd":31,"spe":31},"level":100,"moves":["leafstorm","voltswitch","willowisp","trick"],"name":"Rotom","nature":"Timid","species":"rotommow"}],"roomid":1020071,"score":[4,5],"seed":[59228,14218,31168,14761],"timestamp":"Sat Dec 28 2019 03:XX","turns":10,"winner":"26464","rated_battle":true,"average_rating":1523}