{"endType":"forfeit","format":"gen8ou","inputLog":[">version aa9f8c6b9cf4eca780a1296832ecd3b0009641e0",">version-origin 5e8529faaa5905c5f8e15eafaaefa806ee8c7d06",">start {\"formatid\":\"gen8ou\",\"seed\":[53689,64745,3109,10188],\"rated\":\"Rated battle\"}",">player p1 {\"\"name\":\"21149\",\"rating\":1606}",">player p2 {\"\"name\":\"124896\",\"rating\":1497}",">p1 team 4, 2, 3, 1, 5, 6",">p2 team 2, 1, 3, 4, 5, 6",">p1 move waterfall",">p2 move taunt",">p1 switch 2",">p2 move reflect",">p1 switch 6",">p2 switch 2",">p1 move trickroom",">p2 switch 3",">p1 move mysticalfire",">p2 move ironhead",">p2 switch 5",">p1 move psychic",">p2 move bugbuzz",">p2 switch 2",">p1 move dazzlinggleam",">p2 move lightscreen",">p2 switch 4",">p1 move psychic",">p2 move pyroball",">p1 switch 2",">p2 move pyroball",">p1 switch 5",">p2 switch 6",">p1 move stoneedge",">p2 switch 3",">p1 switch 5",">p2 move earthquake",">p1 move powerwhip",">p2 switch 3",">p1 move powerwhip",">p2 move shellsmash",">p1 move powerwhip",">p2 move iciclespear",">p1 switch 5",">p1 move crunch",">p2 move liquidation",">p1 switch 3",">p1 move shadowsneak",">p2 move iciclespear",">p2 switch 6",">p1 move shadowclaw",">p2 move pyroball",">p1 move shadowsneak",">p2 move pyroball",">p2 switch 3"],"log":["|j|\u260621149","|j|\u2606124896","|player|p1|21149|115|1606","|player|p2|124896|buck|1497","|teamsize|p1|6","|teamsize|p2|6","|gametype|singles","|gen|8","|tier|[Gen 8] OU","|rated|","|rule|Sleep Clause Mod: Limit one foe put to sleep","|rule|Species Clause: Limit one of each Pok\u00e9mon","|rule|OHKO Clause: OHKO moves are banned","|rule|Evasion Moves Clause: Evasion moves are banned","|rule|Endless Battle Clause: Forcing endless battles is banned","|rule|HP Percentage Mod: HP is shown in percentages","|clearpoke","|poke|p1|Mew|","|poke|p1|Bisharp, M|","|poke|p1|Mimikyu, F|","|poke|p1|Gyarados, F|","|poke|p1|Tyranitar, M|","|poke|p1|Hatterene, F|","|poke|p2|Conkeldurr, M|","|poke|p2|Grimmsnarl, M|","|poke|p2|Bisharp, M|","|poke|p2|Cinderace, M|","|poke|p2|Galvantula, F|","|poke|p2|Cloyster, M|","|rule|Dynamax Clause: You cannot dynamax","|teampreview","|","|start","|switch|p1a: Gyarados|Gyarados, F|331\/331","|switch|p2a: Grimmsnarl|Grimmsnarl, M|354\/354","|turn|1","|","|move|p2a: Grimmsnarl|Taunt|p1a: Gyarados","|-start|p1a: Gyarados|move: Taunt","|move|p1a: Gyarados|Waterfall|p2a: Grimmsnarl","|-damage|p2a: Grimmsnarl|158\/354","|","|upkeep","|turn|2","|","|switch|p1a: Bisharp|Bisharp, M|271\/271","|move|p2a: Grimmsnarl|Reflect|p2a: Grimmsnarl","|-sidestart124896|Reflect","|","|upkeep","|turn|3","|","|switch|p1a: Hatterene|Hatterene, F|318\/318","|switch|p2a: Conkeldurr|Conkeldurr, M|410\/410","|","|-status|p2a: Conkeldurr|brn|[from] item: Flame Orb","|upkeep","|turn|4","|","|switch|p2a: Bisharp|Bisharp, M|271\/271","|move|p1a: Hatterene|Trick Room|p1a: Hatterene","|-fieldstart|move: Trick Room|[of] p1a: Hatterene","|","|upkeep","|turn|5","|","|move|p1a: Hatterene|Mystical Fire|p2a: Bisharp","|-supereffective|p2a: Bisharp","|-damage|p2a: Bisharp|0 fnt","|faint|p2a: Bisharp","|","|upkeep","|","|switch|p2a: Galvantula|Galvantula, F|281\/281","|turn|6","|","|move|p1a: Hatterene|Psychic|p2a: Galvantula","|-damage|p2a: Galvantula|0 fnt","|faint|p2a: Galvantula","|","|upkeep","|","|switch|p2a: Grimmsnarl|Grimmsnarl, M|158\/354","|turn|7","|","|move|p2a: Grimmsnarl|Light Screen|p2a: Grimmsnarl","|-sidestart124896|move: Light Screen","|move|p1a: Hatterene|Dazzling Gleam|p2a: Grimmsnarl","|-supereffective|p2a: Grimmsnarl","|-crit|p2a: Grimmsnarl","|-damage|p2a: Grimmsnarl|0 fnt","|faint|p2a: Grimmsnarl","|","|upkeep","|","|switch|p2a: Cinderace|Cinderace, M|301\/301","|turn|8","|","|move|p1a: Hatterene|Psychic|p2a: Cinderace","|-damage|p2a: Cinderace|193\/301","|move|p2a: Cinderace|Pyro Ball|p1a: Hatterene","|-damage|p1a: Hatterene|104\/318","|","|-heal|p1a: Hatterene|123\/318|[from] item: Leftovers","|-fieldend|move: Trick Room","|upkeep","|turn|9","|","|switch|p1a: Gyarados|Gyarados, F|331\/331","|move|p2a: Cinderace|Pyro Ball|p1a: Gyarados","|-resisted|p1a: Gyarados","|-damage|p1a: Gyarados|212\/331","|-status|p1a: Gyarados|brn","|","|-heal|p1a: Gyarados|232\/331 brn|[from] item: Leftovers","|-damage|p1a: Gyarados|212\/331 brn|[from] brn","|-sideend124896|Reflect","|upkeep","|turn|10","|","|switch|p2a: Cloyster|Cloyster, M|241\/241","|switch|p1a: Tyranitar|Tyranitar, M|404\/404","|-weather|Sandstorm|[from] ability: Sand Stream|[of] p1a: Tyranitar","|","|-weather|Sandstorm|[upkeep]","|-damage|p2a: Cloyster|226\/241|[from] Sandstorm","|upkeep","|turn|11","|","|switch|p2a: Conkeldurr|Conkeldurr, M|410\/410 brn","|move|p1a: Tyranitar|Stone Edge|p2a: Conkeldurr","|-resisted|p2a: Conkeldurr","|-damage|p2a: Conkeldurr|263\/410 brn","|","|-weather|Sandstorm|[upkeep]","|-damage|p2a: Conkeldurr|238\/410 brn|[from] Sandstorm","|-damage|p2a: Conkeldurr|213\/410 brn|[from] brn","|upkeep","|turn|12","|","|switch|p1a: Gyarados|Gyarados, F|212\/331 brn","|move|p2a: Conkeldurr|Earthquake|p1a: Gyarados","|-immune|p1a: Gyarados","|","|-weather|Sandstorm|[upkeep]","|-damage|p1a: Gyarados|192\/331 brn|[from] Sandstorm","|-damage|p2a: Conkeldurr|188\/410 brn|[from] Sandstorm","|-heal|p1a: Gyarados|212\/331 brn|[from] item: Leftovers","|-damage|p1a: Gyarados|192\/331 brn|[from] brn","|-damage|p2a: Conkeldurr|163\/410 brn|[from] brn","|upkeep","|turn|13","|","|switch|p2a: Cloyster|Cloyster, M|226\/241","|move|p1a: Gyarados|Power Whip|p2a: Cloyster","|-supereffective|p2a: Cloyster","|-damage|p2a: Cloyster|145\/241","|","|-weather|Sandstorm|[upkeep]","|-damage|p1a: Gyarados|172\/331 brn|[from] Sandstorm","|-damage|p2a: Cloyster|130\/241|[from] Sandstorm","|-heal|p1a: Gyarados|192\/331 brn|[from] item: Leftovers","|-damage|p1a: Gyarados|172\/331 brn|[from] brn","|upkeep","|turn|14","|","|move|p1a: Gyarados|Power Whip|p2a: Cloyster","|-supereffective|p2a: Cloyster","|-damage|p2a: Cloyster|45\/241","|move|p2a: Cloyster|Shell Smash|p2a: Cloyster","|-unboost|p2a: Cloyster|def|1","|-unboost|p2a: Cloyster|spd|1","|-boost|p2a: Cloyster|atk|2","|-boost|p2a: Cloyster|spa|2","|-boost|p2a: Cloyster|spe|2","|-enditem|p2a: Cloyster|White Herb","|-clearnegativeboost|p2a: Cloyster|[silent]","|","|-weather|none","|-heal|p1a: Gyarados|192\/331 brn|[from] item: Leftovers","|-damage|p1a: Gyarados|172\/331 brn|[from] brn","|-sideend124896|move: Light Screen","|upkeep","|turn|15","|","|move|p2a: Cloyster|Icicle Spear|p1a: Gyarados","|-damage|p1a: Gyarados|79\/331 brn","|-damage|p1a: Gyarados|0 fnt","|-hitcount|p1a: Gyarados|2","|faint|p1a: Gyarados","|","|upkeep","|","|switch|p1a: Tyranitar|Tyranitar, M|404\/404","|-weather|Sandstorm|[from] ability: Sand Stream|[of] p1a: Tyranitar","|turn|16","|","|move|p2a: Cloyster|Liquidation|p1a: Tyranitar","|-supereffective|p1a: Tyranitar","|-damage|p1a: Tyranitar|0 fnt","|faint|p1a: Tyranitar","|","|-weather|Sandstorm|[upkeep]","|-damage|p2a: Cloyster|30\/241|[from] Sandstorm","|upkeep","|","|switch|p1a: Mimikyu|Mimikyu, F|251\/251","|turn|17","|","|move|p1a: Mimikyu|Shadow Sneak|p2a: Cloyster","|-damage|p2a: Cloyster|0 fnt","|-damage|p1a: Mimikyu|226\/251|[from] item: Life Orb","|faint|p2a: Cloyster","|","|-weather|Sandstorm|[upkeep]","|-damage|p1a: Mimikyu|211\/251|[from] Sandstorm","|upkeep","|","|switch|p2a: Cinderace|Cinderace, M|193\/301","|turn|18","|","|move|p2a: Cinderace|Pyro Ball|p1a: Mimikyu","|-activate|p1a: Mimikyu|ability: Disguise","|-damage|p1a: Mimikyu|211\/251","|detailschange|p1a: Mimikyu|Mimikyu-Busted, F","|-damage|p1a: Mimikyu|180\/251|[from] ability: Disguise|[of] p1a: Mimikyu","|move|p1a: Mimikyu|Shadow Claw|p2a: Cinderace","|-damage|p2a: Cinderace|25\/301","|-damage|p1a: Mimikyu|155\/251|[from] item: Life Orb","|","|-weather|Sandstorm|[upkeep]","|-damage|p2a: Cinderace|7\/301|[from] Sandstorm","|-damage|p1a: Mimikyu|140\/251|[from] Sandstorm","|upkeep","|turn|19","|","|move|p1a: Mimikyu|Shadow Sneak|p2a: Cinderace","|-damage|p2a: Cinderace|0 fnt","|-damage|p1a: Mimikyu|115\/251|[from] item: Life Orb","|faint|p2a: Cinderace","|","|-weather|Sandstorm|[upkeep]","|-damage|p1a: Mimikyu|100\/251|[from] Sandstorm","|upkeep","|","|switch|p2a: Conkeldurr|Conkeldurr, M|163\/410 brn","|turn|20","|-message|124896 forfeited.","|","|win|21149","|l|\u2606124896","|raw|21149's rating: 1606 &rarr; <strong>1620<\/strong><br \/>(+14 for winning)","|raw|124896's rating: 1497 &rarr; <strong>1483<\/strong><br \/>(-14 for losing)",""],"p1":"21149","p1rating":1606,"p1team":[{"ability":"synchronize","evs":{"atk":4,"def":0,"hp":252,"spa":0,"spd":0,"spe":252},"gender":"N","happiness":160,"item":"redcard","ivs":{"atk":31,"def":31,"hp":31,"spa":31,"spd":31,"spe":31},"level":100,"moves":["taunt","stealthrock","spikes","flareblitz"],"name":"Mew","nature":"Jolly","species":"Mew"},{"ability":"defiant","evs":{"atk":252,"def":4,"hp":0,"spa":0,"spd":0,"spe":252},"happiness":160,"item":"blackglasses","ivs":{"atk":31,"def":31,"hp":31,"spa":31,"spd":31,"spe":31},"level":100,"moves":["swordsdance","ironhead","throatchop","suckerpunch"],"name":"Bisharp","nature":"Adamant","species":"Bisharp"},{"ability":"disguise","evs":{"atk":252,"def":0,"hp":0,"spa":0,"spd":4,"spe":252},"happiness":160,"item":"lifeorb","ivs":{"atk":31,"def":31,"hp":31,"spa":31,"spd":31,"spe":31},"level":100,"moves":["playrough","shadowclaw","shadowsneak","swordsdance"],"name":"Mimikyu","nature":"Jolly","species":"Mimikyu"},{"ability":"moxie","evs":{"atk":252,"def":0,"hp":0,"spa":0,"spd":4,"spe":252},"happiness":160,"item":"leftovers","ivs":{"atk":31,"def":31,"hp":31,"spa":31,"spd":31,"spe":31},"level":100,"moves":["dragondance","waterfall","bounce","powerwhip"],"name":"Gyarados","nature":"Jolly","species":"Gyarados"},{"ability":"sandstream","evs":{"atk":252,"def":0,"hp":252,"spa":0,"spd":4,"spe":0},"happiness":160,"item":"choiceband","ivs":{"atk":31,"def":31,"hp":31,"spa":31,"spd":31,"spe":31},"level":100,"moves":["crunch","earthquake","stoneedge","firepunch"],"name":"Tyranitar","nature":"Adamant","species":"Tyranitar"},{"ability":"magicbounce","evs":{"atk":0,"def":0,"hp":252,"spa":252,"spd":4,"spe":0},"gender":"F","happiness":160,"item":"leftovers","ivs":{"atk":31,"def":31,"hp":31,"spa":31,"spd":31,"spe":0},"level":100,"moves":["psychic","dazzlinggleam","mysticalfire","trickroom"],"name":"Hatterene","nature":"Quiet","species":"Hatterene"}],"p2":"124896","p2rating":1497,"p2team":[{"ability":"guts","evs":{"atk":252,"def":0,"hp":236,"spa":0,"spd":0,"spe":20},"gender":"M","happiness":160,"item":"flameorb","ivs":{"atk":31,"def":31,"hp":31,"spa":31,"spd":31,"spe":31},"level":100,"moves":["drainpunch","machpunch","earthquake","bulkup"],"name":"Conkeldurr","nature":"Adamant","species":"Conkeldurr"},{"ability":"prankster","evs":{"atk":252,"def":0,"hp":92,"spa":0,"spd":0,"spe":164},"gender":"M","happiness":160,"item":"lightclay","ivs":{"atk":31,"def":31,"hp":31,"spa":31,"spd":31,"spe":31},"level":100,"moves":["spiritbreak","reflect","lightscreen","taunt"],"name":"Grimmsnarl","nature":"Adamant","species":"Grimmsnarl"},{"ability":"defiant","evs":{"atk":252,"def":4,"hp":0,"spa":0,"spd":0,"spe":252},"gender":"M","happiness":160,"item":"blackglasses","ivs":{"atk":31,"def":31,"hp":31,"spa":31,"spd":31,"spe":31},"level":100,"moves":["swordsdance","ironhead","throatchop","suckerpunch"],"name":"Bisharp","nature":"Adamant","species":"Bisharp"},{"ability":"blaze","evs":{"atk":252,"def":0,"hp":0,"spa":0,"spd":4,"spe":252},"gender":"M","happiness":160,"item":"heavydutyboots","ivs":{"atk":31,"def":31,"hp":31,"spa":31,"spd":31,"spe":31},"level":100,"moves":["courtchange","pyroball","highjumpkick","suckerpunch"],"name":"Cinderace","nature":"Jolly","species":"Cinderace"},{"ability":"compoundeyes","evs":{"atk":0,"def":0,"hp":0,"spa":252,"spd":4,"spe":252},"happiness":160,"item":"lifeorb","ivs":{"atk":0,"def":31,"hp":31,"spa":31,"spd":31,"spe":31},"level":100,"moves":["thunder","bugbuzz","energyball","stickyweb"],"name":"Galvantula","nature":"Timid","species":"Galvantula"},{"ability":"skilllink","evs":{"atk":252,"def":0,"hp":0,"spa":0,"spd":4,"spe":252},"gender":"M","happiness":160,"item":"whiteherb","ivs":{"atk":31,"def":31,"hp":31,"spa":31,"spd":31,"spe":31},"level":100,"moves":["shellsmash","iciclespear","rockblast","liquidation"],"name":"Cloyster","nature":"Adamant","species":"Cloyster"}],"roomid":1016252,"score":[4,1],"seed":[53689,64745,3109,10188],"timestamp":"Sat Dec 28 2019 22:XX","turns":20,"winner":"21149","rated_battle":true,"average_rating":1551}