{"endType":"normal","format":"gen8ou","inputLog":[">version aa9f8c6b9cf4eca780a1296832ecd3b0009641e0",">version-origin 5e8529faaa5905c5f8e15eafaaefa806ee8c7d06",">start {\"formatid\":\"gen8ou\",\"seed\":[39124,65192,44743,50272],\"rated\":\"Rated battle\"}",">player p1 {\"\"name\":\"123442\",\"rating\":1440}",">player p2 {\"\"name\":\"121398\",\"rating\":1388}",">p1 team 1, 2, 3, 4, 5, 6",">p2 team 4, 2, 3, 1, 5, 6",">p1 move trickroom",">p2 move nastyplot",">p1 move stealthrock",">p2 move airslash",">p1 move memento",">p2 move substitute",">p1 switch 5",">p1 move ironhead",">p2 move flamethrower",">p1 switch 4",">p2 switch 6",">p1 move aquajet",">p2 switch 3",">p1 switch 3",">p2 switch 4",">p1 move trickroom",">p2 move stoneedge",">p1 switch 2",">p2 move stoneedge",">p1 move earthquake",">p2 switch 5",">p2 switch 4",">p1 move closecombat",">p2 move bodypress",">p1 switch 4",">p1 move heatcrash",">p2 switch 3",">p1 switch 6",">p2 move voltswitch",">p2 switch 5",">p1 move trickroom",">p2 move crunch",">p1 switch 3",">p1 move swordsdance",">p2 switch 3",">p1 move knockoff",">p2 move bodypress",">p2 switch 6",">p1 move aquajet",">p2 move airslash",">p2 switch 5",">p1 move aquajet",">p2 move voltswitch",">p2 switch 3",">p1 move aquajet",">p2 move crunch",">p2 switch 2",">p1 move aquajet",">p2 move ironhead"],"log":["|j|\u2606123442","|j|\u2606121398","|player|p1|123442|unknown|1440","|player|p2|121398|102|1388","|teamsize|p1|6","|teamsize|p2|6","|gametype|singles","|gen|8","|tier|[Gen 8] OU","|rated|","|rule|Sleep Clause Mod: Limit one foe put to sleep","|rule|Species Clause: Limit one of each Pok\u00e9mon","|rule|OHKO Clause: OHKO moves are banned","|rule|Evasion Moves Clause: Evasion moves are banned","|rule|Endless Battle Clause: Forcing endless battles is banned","|rule|HP Percentage Mod: HP is shown in percentages","|clearpoke","|poke|p1|Runerigus, M|","|poke|p1|Conkeldurr, M|","|poke|p1|Hatterene, F|","|poke|p1|Crawdaunt, M|","|poke|p1|Copperajah, M|","|poke|p1|Musharna, F|","|poke|p2|Tyranitar, M|","|poke|p2|Excadrill, F|","|poke|p2|Ferrothorn, M|","|poke|p2|Togekiss, F|","|poke|p2|Gengar, F|","|poke|p2|Rotom-Heat|","|rule|Dynamax Clause: You cannot dynamax","|teampreview","|","|start","|switch|p1a: Runerigus|Runerigus, M|320\/320","|switch|p2a: Togekiss|Togekiss, F|311\/311","|turn|1","|","|move|p2a: Togekiss|Nasty Plot|p2a: Togekiss","|-boost|p2a: Togekiss|spa|2","|move|p1a: Runerigus|Trick Room|p1a: Runerigus","|-fieldstart|move: Trick Room|[of] p1a: Runerigus","|","|upkeep","|turn|2","|","|move|p1a: Runerigus|Stealth Rock|p2a: Togekiss","|-sidestart121398|move: Stealth Rock","|move|p2a: Togekiss|Air Slash|p1a: Runerigus|[miss]","|-miss|p2a: Togekiss|p1a: Runerigus","|","|upkeep","|turn|3","|","|move|p1a: Runerigus|Memento|p2a: Togekiss","|-unboost|p2a: Togekiss|atk|2","|-unboost|p2a: Togekiss|spa|2","|faint|p1a: Runerigus","|move|p2a: Togekiss|Substitute|p2a: Togekiss","|-start|p2a: Togekiss|Substitute","|-damage|p2a: Togekiss|234\/311","|","|-heal|p2a: Togekiss|253\/311|[from] item: Leftovers","|upkeep","|","|switch|p1a: Copperajah|Copperajah, M|447\/447","|turn|4","|","|move|p1a: Copperajah|Iron Head|p2a: Togekiss","|-supereffective|p2a: Togekiss","|-end|p2a: Togekiss|Substitute","|move|p2a: Togekiss|Flamethrower|p1a: Copperajah","|-supereffective|p1a: Copperajah","|-damage|p1a: Copperajah|175\/447","|-status|p1a: Copperajah|brn","|","|-heal|p2a: Togekiss|272\/311|[from] item: Leftovers","|-damage|p1a: Copperajah|148\/447 brn|[from] brn","|upkeep","|turn|5","|","|switch|p1a: Crawdaunt|Crawdaunt, M|329\/329","|switch|p2a: Rotom|Rotom-Heat|303\/303","|","|-fieldend|move: Trick Room","|upkeep","|turn|6","|","|switch|p2a: Ferrothorn|Ferrothorn, M|352\/352","|-damage|p2a: Ferrothorn|330\/352|[from] Stealth Rock","|move|p1a: Crawdaunt|Aqua Jet|p2a: Ferrothorn","|-resisted|p2a: Ferrothorn","|-damage|p2a: Ferrothorn|292\/352","|-damage|p1a: Crawdaunt|288\/329|[from] ability: Iron Barbs|[of] p2a: Ferrothorn","|-damage|p1a: Crawdaunt|256\/329|[from] item: Life Orb","|","|-heal|p2a: Ferrothorn|314\/352|[from] item: Leftovers","|upkeep","|turn|7","|","|switch|p1a: Hatterene|Hatterene, F|317\/317","|switch|p2a: Tyranitar|Tyranitar, M|341\/341","|-damage|p2a: Tyranitar|299\/341|[from] Stealth Rock","|-weather|Sandstorm|[from] ability: Sand Stream|[of] p2a: Tyranitar","|","|-weather|Sandstorm|[upkeep]","|-damage|p1a: Hatterene|298\/317|[from] Sandstorm","|upkeep","|turn|8","|","|move|p2a: Tyranitar|Stone Edge|p1a: Hatterene|[miss]","|-miss|p2a: Tyranitar|p1a: Hatterene","|move|p1a: Hatterene|Trick Room|p1a: Hatterene","|-fieldstart|move: Trick Room|[of] p1a: Hatterene","|","|-weather|Sandstorm|[upkeep]","|-damage|p1a: Hatterene|279\/317|[from] Sandstorm","|upkeep","|turn|9","|","|switch|p1a: Conkeldurr|Conkeldurr, M|413\/413","|move|p2a: Tyranitar|Stone Edge|p1a: Conkeldurr","|-resisted|p1a: Conkeldurr","|-crit|p1a: Conkeldurr","|-damage|p1a: Conkeldurr|164\/413","|","|-weather|Sandstorm|[upkeep]","|-damage|p1a: Conkeldurr|139\/413|[from] Sandstorm","|-status|p1a: Conkeldurr|brn|[from] item: Flame Orb","|upkeep","|turn|10","|","|switch|p2a: Gengar|Gengar, F|261\/261","|-damage|p2a: Gengar|229\/261|[from] Stealth Rock","|move|p1a: Conkeldurr|Earthquake|p2a: Gengar","|-supereffective|p2a: Gengar","|-damage|p2a: Gengar|0 fnt","|faint|p2a: Gengar","|","|-weather|Sandstorm|[upkeep]","|-damage|p1a: Conkeldurr|114\/413 brn|[from] Sandstorm","|-damage|p1a: Conkeldurr|89\/413 brn|[from] brn","|upkeep","|","|switch|p2a: Ferrothorn|Ferrothorn, M|314\/352","|-damage|p2a: Ferrothorn|292\/352|[from] Stealth Rock","|turn|11","|","|move|p2a: Ferrothorn|Body Press|p1a: Conkeldurr","|-damage|p1a: Conkeldurr|0 fnt","|faint|p1a: Conkeldurr","|","|-weather|none","|-heal|p2a: Ferrothorn|314\/352|[from] item: Leftovers","|upkeep","|","|switch|p1a: Copperajah|Copperajah, M|148\/447 brn","|turn|12","|","|switch|p2a: Rotom|Rotom-Heat|303\/303","|move|p1a: Copperajah|Heat Crash|p2a: Rotom","|-resisted|p2a: Rotom","|-damage|p2a: Rotom|254\/303","|-damage|p1a: Copperajah|104\/447 brn|[from] item: Life Orb","|","|-damage|p1a: Copperajah|77\/447 brn|[from] brn","|-fieldend|move: Trick Room","|upkeep","|turn|13","|","|switch|p1a: Musharna|Musharna, F|435\/435","|-activate|p1a: Musharna|ability: Forewarn|Overheat|[of] p2a: Rotom","|move|p2a: Rotom|Volt Switch|p1a: Musharna","|-damage|p1a: Musharna|365\/435","|","|switch|p2a: Tyranitar|Tyranitar, M|299\/341","|-damage|p2a: Tyranitar|257\/341|[from] Stealth Rock","|-weather|Sandstorm|[from] ability: Sand Stream|[of] p2a: Tyranitar","|","|-weather|Sandstorm|[upkeep]","|-damage|p1a: Musharna|338\/435|[from] Sandstorm","|upkeep","|turn|14","|","|move|p2a: Tyranitar|Crunch|p1a: Musharna","|-supereffective|p1a: Musharna","|-damage|p1a: Musharna|0 fnt","|faint|p1a: Musharna","|","|-weather|Sandstorm|[upkeep]","|upkeep","|","|switch|p1a: Crawdaunt|Crawdaunt, M|256\/329","|turn|15","|","|switch|p2a: Ferrothorn|Ferrothorn, M|314\/352","|-damage|p2a: Ferrothorn|292\/352|[from] Stealth Rock","|move|p1a: Crawdaunt|Swords Dance|p1a: Crawdaunt","|-boost|p1a: Crawdaunt|atk|2","|","|-weather|Sandstorm|[upkeep]","|-damage|p1a: Crawdaunt|236\/329|[from] Sandstorm","|-heal|p2a: Ferrothorn|314\/352|[from] item: Leftovers","|upkeep","|turn|16","|","|move|p1a: Crawdaunt|Knock Off|p2a: Ferrothorn","|-damage|p2a: Ferrothorn|0 fnt","|-damage|p1a: Crawdaunt|195\/329|[from] ability: Iron Barbs|[of] p2a: Ferrothorn","|-enditem|p2a: Ferrothorn|Leftovers|[from] move: Knock Off|[of] p1a: Crawdaunt","|-damage|p1a: Crawdaunt|163\/329|[from] item: Life Orb","|faint|p2a: Ferrothorn","|","|-weather|Sandstorm|[upkeep]","|-damage|p1a: Crawdaunt|143\/329|[from] Sandstorm","|upkeep","|","|switch|p2a: Togekiss|Togekiss, F|272\/311","|-damage|p2a: Togekiss|195\/311|[from] Stealth Rock","|turn|17","|","|move|p1a: Crawdaunt|Aqua Jet|p2a: Togekiss","|-damage|p2a: Togekiss|0 fnt","|-damage|p1a: Crawdaunt|111\/329|[from] item: Life Orb","|faint|p2a: Togekiss","|","|-weather|none","|upkeep","|","|switch|p2a: Rotom|Rotom-Heat|254\/303","|turn|18","|","|move|p1a: Crawdaunt|Aqua Jet|p2a: Rotom","|-supereffective|p2a: Rotom","|-damage|p2a: Rotom|0 fnt","|-damage|p1a: Crawdaunt|79\/329|[from] item: Life Orb","|faint|p2a: Rotom","|","|upkeep","|","|switch|p2a: Tyranitar|Tyranitar, M|257\/341","|-damage|p2a: Tyranitar|215\/341|[from] Stealth Rock","|-weather|Sandstorm|[from] ability: Sand Stream|[of] p2a: Tyranitar","|turn|19","|","|move|p1a: Crawdaunt|Aqua Jet|p2a: Tyranitar","|-supereffective|p2a: Tyranitar","|-crit|p2a: Tyranitar","|-damage|p2a: Tyranitar|0 fnt","|-damage|p1a: Crawdaunt|47\/329|[from] item: Life Orb","|faint|p2a: Tyranitar","|","|-weather|Sandstorm|[upkeep]","|-damage|p1a: Crawdaunt|27\/329|[from] Sandstorm","|upkeep","|","|switch|p2a: Excadrill|Excadrill, F|361\/361","|-damage|p2a: Excadrill|350\/361|[from] Stealth Rock","|turn|20","|","|move|p1a: Crawdaunt|Aqua Jet|p2a: Excadrill","|-supereffective|p2a: Excadrill","|-damage|p2a: Excadrill|0 fnt","|-damage|p1a: Crawdaunt|0 fnt|[from] item: Life Orb","|faint|p2a: Excadrill","|faint|p1a: Crawdaunt","|","|win|123442","|l|\u2606121398","|raw|123442's rating: 1440 &rarr; <strong>1457<\/strong><br \/>(+17 for winning)","|raw|121398's rating: 1388 &rarr; <strong>1371<\/strong><br \/>(-17 for losing)",""],"p1":"123442","p1rating":1440,"p1team":[{"ability":"wanderingspirit","evs":{"atk":0,"def":108,"hp":252,"spa":0,"spd":148,"spe":0},"gender":"M","happiness":160,"item":"mentalherb","ivs":{"atk":0,"def":31,"hp":31,"spa":31,"spd":31,"spe":0},"level":100,"moves":["stealthrock","trickroom","taunt","memento"],"name":"Runerigus","nature":"Relaxed","species":"Runerigus"},{"ability":"guts","evs":{"atk":252,"def":0,"hp":248,"spa":0,"spd":8,"spe":0},"gender":"M","happiness":160,"item":"flameorb","ivs":{"atk":31,"def":31,"hp":31,"spa":31,"spd":31,"spe":0},"level":100,"moves":["closecombat","facade","earthquake","machpunch"],"name":"Conkeldurr","nature":"Brave","species":"Conkeldurr"},{"ability":"magicbounce","evs":{"atk":0,"def":8,"hp":248,"spa":252,"spd":0,"spe":0},"gender":"F","happiness":160,"item":"lifeorb","ivs":{"atk":0,"def":31,"hp":31,"spa":31,"spd":31,"spe":0},"level":100,"moves":["trickroom","psychic","dazzlinggleam","mysticalfire"],"name":"Hatterene","nature":"Quiet","species":"Hatterene"},{"ability":"adaptability","evs":{"atk":252,"def":0,"hp":248,"spa":0,"spd":8,"spe":0},"gender":"M","happiness":160,"item":"lifeorb","ivs":{"atk":31,"def":31,"hp":31,"spa":31,"spd":31,"spe":0},"level":100,"moves":["swordsdance","crabhammer","knockoff","aquajet"],"name":"Crawdaunt","nature":"Brave","species":"Crawdaunt"},{"ability":"sheerforce","evs":{"atk":252,"def":0,"hp":248,"spa":0,"spd":8,"spe":0},"gender":"M","happiness":160,"item":"lifeorb","ivs":{"atk":31,"def":31,"hp":31,"spa":31,"spd":31,"spe":0},"level":100,"moves":["ironhead","heatcrash","bulldoze","powerwhip"],"name":"Copperajah","nature":"Brave","species":"Copperajah"},{"ability":"forewarn","evs":{"atk":0,"def":84,"hp":248,"spa":0,"spd":176,"spe":0},"gender":"F","happiness":160,"item":"kasibberry","ivs":{"atk":0,"def":31,"hp":31,"spa":31,"spd":31,"spe":0},"level":100,"moves":["trickroom","healingwish","psychic","moonlight"],"name":"Musharna","nature":"Sassy","species":"Musharna"}],"p2":"121398","p2rating":1388,"p2team":[{"ability":"sandstream","evs":{"atk":252,"def":0,"hp":0,"spa":0,"spd":88,"spe":168},"happiness":160,"item":"choiceband","ivs":{"atk":31,"def":31,"hp":31,"spa":31,"spd":31,"spe":31},"level":100,"moves":["superpower","stoneedge","icepunch","crunch"],"name":"Tyranitar","nature":"Adamant","species":"Tyranitar"},{"ability":"sandrush","evs":{"atk":252,"def":0,"hp":0,"spa":0,"spd":4,"spe":252},"happiness":160,"item":"focussash","ivs":{"atk":31,"def":31,"hp":31,"spa":31,"spd":31,"spe":31},"level":100,"moves":["earthquake","ironhead","stealthrock","rapidspin"],"name":"Excadrill","nature":"Jolly","species":"Excadrill"},{"ability":"ironbarbs","evs":{"atk":0,"def":252,"hp":252,"spa":0,"spd":4,"spe":0},"happiness":160,"item":"leftovers","ivs":{"atk":31,"def":31,"hp":31,"spa":31,"spd":31,"spe":0},"level":100,"moves":["spikes","leechseed","bodypress","gyroball"],"name":"Ferrothorn","nature":"Relaxed","species":"Ferrothorn"},{"ability":"serenegrace","evs":{"atk":0,"def":0,"hp":0,"spa":252,"spd":4,"spe":252},"happiness":160,"item":"leftovers","ivs":{"atk":0,"def":31,"hp":31,"spa":31,"spd":31,"spe":31},"level":100,"moves":["nastyplot","airslash","flamethrower","substitute"],"name":"Togekiss","nature":"Timid","species":"Togekiss"},{"ability":"cursedbody","evs":{"atk":0,"def":0,"hp":0,"spa":252,"spd":4,"spe":252},"happiness":160,"item":"choicescarf","ivs":{"atk":0,"def":31,"hp":31,"spa":31,"spd":31,"spe":31},"level":100,"moves":["destinybond","sludgewave","shadowball","thunderbolt"],"name":"Gengar","nature":"Modest","species":"Gengar"},{"ability":"levitate","evs":{"atk":0,"def":8,"hp":248,"spa":0,"spd":0,"spe":252},"gender":"N","happiness":160,"item":"heavydutyboots","ivs":{"atk":0,"def":31,"hp":31,"spa":31,"spd":31,"spe":31},"level":100,"moves":["hex","overheat","voltswitch","willowisp"],"name":"Rotom","nature":"Timid","species":"rotomheat"}],"roomid":1022005,"score":[2,0],"seed":[39124,65192,44743,50272],"timestamp":"Sat Dec 28 2019 03:XX","turns":20,"winner":"123442","rated_battle":true,"average_rating":1414}