{"endType":"normal","format":"gen8ou","inputLog":[">version aa9f8c6b9cf4eca780a1296832ecd3b0009641e0",">version-origin 5e8529faaa5905c5f8e15eafaaefa806ee8c7d06",">start {\"formatid\":\"gen8ou\",\"seed\":[17211,4260,45154,46091],\"rated\":\"Rated battle\"}",">player p1 {\"\"name\":\"31466\",\"rating\":1256}",">player p2 {\"\"name\":\"31467\",\"rating\":1243}",">p1 team 1, 2, 3, 4, 5, 6",">p2 team 5, 2, 3, 4, 1, 6",">p1 move bulkup",">p2 move uturn",">p2 switch 3",">p1 move knockoff",">p2 move hex",">p1 move facade",">p2 move voltswitch",">p2 switch 3",">p1 move facade",">p2 move uturn",">p2 switch 5",">p1 switch 3",">p1 move shellsmash",">p2 move darkpulse",">p1 move shadowball",">p2 move darkpulse",">p1 switch 5",">p1 move dragonclaw",">p2 move earthpower",">p1 switch 6",">p1 move trickroom",">p2 move flashcannon",">p1 move mysticalfire",">p2 switch 4",">p1 move shadowball",">p2 move kingsshield",">p1 move mysticalfire",">p2 move shadowsneak",">p2 switch 6",">p1 move shadowball",">p2 move psychic",">p1 switch 4",">p1 move earthquake",">p2 move trickroom",">p2 switch 4",">p1 move screech",">p2 move darkpulse",">p1 move reversal",">p2 move darkpulse",">p2 switch 5",">p1 move reversal",">p2 move uturn",">p2 switch 2",">p1 switch 2",">p1 move stealthrock",">p2 move hypervoice",">p1 move surf",">p2 move hypervoice"],"log":["|j|\u260631466","|j|\u260631467","|player|p1|31466|102|1256","|player|p2|31467|152|1243","|teamsize|p1|6","|teamsize|p2|6","|gametype|singles","|gen|8","|tier|[Gen 8] OU","|rated|","|rule|Sleep Clause Mod: Limit one foe put to sleep","|rule|Species Clause: Limit one of each Pok\u00e9mon","|rule|OHKO Clause: OHKO moves are banned","|rule|Evasion Moves Clause: Evasion moves are banned","|rule|Endless Battle Clause: Forcing endless battles is banned","|rule|HP Percentage Mod: HP is shown in percentages","|clearpoke","|poke|p1|Obstagoon, M|","|poke|p1|Seismitoad, M|","|poke|p1|Polteageist|","|poke|p1|Dugtrio, F|","|poke|p1|Dracozolt|","|poke|p1|Hatterene, F|","|poke|p2|Hydreigon, M|","|poke|p2|Sylveon, M|","|poke|p2|Rotom-Wash|","|poke|p2|Aegislash, M|","|poke|p2|Darmanitan-Galar, M|","|poke|p2|Reuniclus, M|","|rule|Dynamax Clause: You cannot dynamax","|teampreview","|","|start","|switch|p1a: Gimmick Mon|Obstagoon, M|327\/327","|switch|p2a: Darmanitan|Darmanitan-Galar, M|351\/351","|turn|1","|","|move|p2a: Darmanitan|U-turn|p1a: Gimmick Mon","|-supereffective|p1a: Gimmick Mon","|-damage|p1a: Gimmick Mon|79\/327","|","|switch|p2a: Rotom|Rotom-Wash|303\/303","|move|p1a: Gimmick Mon|Bulk Up|p1a: Gimmick Mon","|-boost|p1a: Gimmick Mon|atk|1","|-boost|p1a: Gimmick Mon|def|1","|","|-status|p1a: Gimmick Mon|brn|[from] item: Flame Orb","|upkeep","|turn|2","|","|move|p1a: Gimmick Mon|Knock Off|p2a: Rotom","|-damage|p2a: Rotom|102\/303","|-enditem|p2a: Rotom|Leftovers|[from] move: Knock Off|[of] p1a: Gimmick Mon","|move|p2a: Rotom|Hex|p1a: Gimmick Mon","|-immune|p1a: Gimmick Mon","|","|-damage|p1a: Gimmick Mon|59\/327 brn|[from] brn","|upkeep","|turn|3","|","|move|p1a: Gimmick Mon|Facade|p2a: Rotom","|-damage|p2a: Rotom|0 fnt","|faint|p2a: Rotom","|","|-damage|p1a: Gimmick Mon|39\/327 brn|[from] brn","|upkeep","|","|switch|p2a: Darmanitan|Darmanitan-Galar, M|351\/351","|turn|4","|","|move|p2a: Darmanitan|U-turn|p1a: Gimmick Mon","|-supereffective|p1a: Gimmick Mon","|-damage|p1a: Gimmick Mon|0 fnt","|faint|p1a: Gimmick Mon","|","|switch|p2a: Hydreigon|Hydreigon, M|333\/333","|","|upkeep","|","|switch|p1a: Trash Man|Polteageist|262\/262","|turn|5","|","|move|p2a: Hydreigon|Dark Pulse|p1a: Trash Man","|-supereffective|p1a: Trash Man","|-enditem|p1a: Trash Man|Focus Sash","|-damage|p1a: Trash Man|1\/262","|move|p1a: Trash Man|Shell Smash|p1a: Trash Man","|-unboost|p1a: Trash Man|def|1","|-unboost|p1a: Trash Man|spd|1","|-boost|p1a: Trash Man|atk|2","|-boost|p1a: Trash Man|spa|2","|-boost|p1a: Trash Man|spe|2","|","|upkeep","|turn|6","|","|move|p1a: Trash Man|Shadow Ball|p2a: Hydreigon","|-resisted|p2a: Hydreigon","|-damage|p2a: Hydreigon|177\/333","|move|p2a: Hydreigon|Dark Pulse|p1a: Trash Man","|-supereffective|p1a: Trash Man","|-damage|p1a: Trash Man|0 fnt","|faint|p1a: Trash Man","|","|upkeep","|","|switch|p1a: Dracozolt|Dracozolt|321\/321","|turn|7","|","|move|p2a: Hydreigon|Earth Power|p1a: Dracozolt","|-supereffective|p1a: Dracozolt","|-damage|p1a: Dracozolt|0 fnt","|faint|p1a: Dracozolt","|","|upkeep","|","|switch|p1a: Lmao|Hatterene, F|318\/318","|turn|8","|","|move|p2a: Hydreigon|Flash Cannon|p1a: Lmao","|-supereffective|p1a: Lmao","|-damage|p1a: Lmao|100\/318","|move|p1a: Lmao|Trick Room|p1a: Lmao","|-fieldstart|move: Trick Room|[of] p1a: Lmao","|","|-heal|p1a: Lmao|119\/318|[from] item: Leftovers","|upkeep","|turn|9","|","|switch|p2a: Aegislash|Aegislash, M|319\/319","|move|p1a: Lmao|Mystical Fire|p2a: Aegislash","|-supereffective|p2a: Aegislash","|-damage|p2a: Aegislash|177\/319","|-unboost|p2a: Aegislash|spa|1","|","|-heal|p1a: Lmao|138\/318|[from] item: Leftovers","|-heal|p2a: Aegislash|196\/319|[from] item: Leftovers","|upkeep","|turn|10","|","|move|p2a: Aegislash|King's Shield|p2a: Aegislash","|-singleturn|p2a: Aegislash|Protect","|move|p1a: Lmao|Shadow Ball|p2a: Aegislash","|-activate|p2a: Aegislash|move: Protect","|","|-heal|p1a: Lmao|157\/318|[from] item: Leftovers","|-heal|p2a: Aegislash|215\/319|[from] item: Leftovers","|upkeep","|turn|11","|","|-formechange|p2a: Aegislash|Aegislash-Blade||[from] ability: Stance Change","|move|p2a: Aegislash|Shadow Sneak|p1a: Lmao","|-supereffective|p1a: Lmao","|-damage|p1a: Lmao|23\/318","|move|p1a: Lmao|Mystical Fire|p2a: Aegislash","|-supereffective|p2a: Aegislash","|-damage|p2a: Aegislash|0 fnt","|faint|p2a: Aegislash","|","|-heal|p1a: Lmao|42\/318|[from] item: Leftovers","|upkeep","|","|switch|p2a: Reuniclus|Reuniclus, M|424\/424","|turn|12","|","|move|p1a: Lmao|Shadow Ball|p2a: Reuniclus","|-supereffective|p2a: Reuniclus","|-damage|p2a: Reuniclus|168\/424","|move|p2a: Reuniclus|Psychic|p1a: Lmao","|-resisted|p1a: Lmao","|-damage|p1a: Lmao|0 fnt","|faint|p1a: Lmao","|","|-fieldend|move: Trick Room","|upkeep","|","|switch|p1a: Duggy|Dugtrio, F|212\/212","|turn|13","|","|move|p1a: Duggy|Earthquake|p2a: Reuniclus","|-damage|p2a: Reuniclus|0 fnt","|faint|p2a: Reuniclus","|","|upkeep","|","|switch|p2a: Hydreigon|Hydreigon, M|177\/333","|turn|14","|","|move|p1a: Duggy|Screech|p2a: Hydreigon","|-unboost|p2a: Hydreigon|def|2","|move|p2a: Hydreigon|Dark Pulse|p1a: Duggy","|-damage|p1a: Duggy|4\/212","|","|upkeep","|turn|15","|","|move|p1a: Duggy|Reversal|p2a: Hydreigon","|-supereffective|p2a: Hydreigon","|-damage|p2a: Hydreigon|0 fnt","|faint|p2a: Hydreigon","|","|upkeep","|","|switch|p2a: Darmanitan|Darmanitan-Galar, M|351\/351","|turn|16","|","|move|p2a: Darmanitan|U-turn|p1a: Duggy","|-damage|p1a: Duggy|0 fnt","|faint|p1a: Duggy","|","|switch|p2a: Sylveon|Sylveon, M|394\/394","|","|upkeep","|","|switch|p1a: Vish Death Row|Seismitoad, M|368\/368","|turn|17","|","|move|p1a: Vish Death Row|Stealth Rock|p2a: Sylveon","|-sidestart31467|move: Stealth Rock","|move|p2a: Sylveon|Hyper Voice|p1a: Vish Death Row","|-damage|p1a: Vish Death Row|20\/368","|","|-heal|p1a: Vish Death Row|43\/368|[from] item: Leftovers","|upkeep","|turn|18","|","|move|p1a: Vish Death Row|Surf|p2a: Sylveon","|-crit|p2a: Sylveon","|-damage|p2a: Sylveon|240\/394","|move|p2a: Sylveon|Hyper Voice|p1a: Vish Death Row","|-damage|p1a: Vish Death Row|0 fnt","|faint|p1a: Vish Death Row","|","|win|31467","|l|\u260631467","|raw|31466's rating: 1256 &rarr; <strong>1230<\/strong><br \/>(-26 for losing)","|raw|31467's rating: 1243 &rarr; <strong>1269<\/strong><br \/>(+26 for winning)",""],"p1":"31466","p1rating":1256,"p1team":[{"ability":"guts","evs":{"atk":252,"def":4,"hp":0,"spa":0,"spd":0,"spe":252},"happiness":160,"item":"flameorb","ivs":{"atk":31,"def":31,"hp":31,"spa":31,"spd":31,"spe":31},"level":100,"moves":["facade","bulkup","closecombat","knockoff"],"name":"Gimmick Mon","nature":"Jolly","species":"obstagoon"},{"ability":"waterabsorb","evs":{"atk":0,"def":4,"hp":68,"spa":252,"spd":0,"spe":184},"happiness":160,"item":"leftovers","ivs":{"atk":0,"def":31,"hp":31,"spa":31,"spd":31,"spe":31},"level":100,"moves":["stealthrock","surf","earthpower","focusblast"],"name":"Vish Death Row","nature":"Modest","species":"seismitoad"},{"ability":"weakarmor","evs":{"atk":0,"def":0,"hp":4,"spa":252,"spd":0,"spe":252},"gender":"N","happiness":160,"item":"focussash","ivs":{"atk":0,"def":31,"hp":31,"spa":31,"spd":31,"spe":31},"level":100,"moves":["shellsmash","storedpower","shadowball","gigadrain"],"name":"Trash Man","nature":"Timid","species":"polteageist"},{"ability":"arenatrap","evs":{"atk":252,"def":0,"hp":4,"spa":0,"spd":0,"spe":252},"happiness":160,"item":"focussash","ivs":{"atk":31,"def":31,"hp":31,"spa":31,"spd":31,"spe":31},"level":100,"moves":["screech","stoneedge","earthquake","reversal"],"name":"Duggy","nature":"Jolly","species":"dugtrio"},{"ability":"hustle","evs":{"atk":252,"def":0,"hp":0,"spa":0,"spd":4,"spe":252},"gender":"N","happiness":160,"item":"blunderpolicy","ivs":{"atk":31,"def":31,"hp":31,"spa":31,"spd":31,"spe":31},"level":100,"moves":["boltbeak","dragonclaw","firefang","highhorsepower"],"name":"Dracozolt","nature":"Adamant","species":"Dracozolt"},{"ability":"magicbounce","evs":{"atk":0,"def":4,"hp":252,"spa":252,"spd":0,"spe":0},"gender":"F","happiness":160,"item":"leftovers","ivs":{"atk":0,"def":31,"hp":31,"spa":31,"spd":31,"spe":0},"level":100,"moves":["trickroom","shadowball","psychic","mysticalfire"],"name":"Lmao","nature":"Quiet","species":"hatterene"}],"p2":"31467","p2rating":1243,"p2team":[{"ability":"levitate","evs":{"atk":0,"def":0,"hp":32,"spa":252,"spd":0,"spe":224},"happiness":160,"item":"expertbelt","ivs":{"atk":0,"def":31,"hp":31,"spa":31,"spd":31,"spe":31},"level":100,"moves":["darkpulse","earthpower","flamethrower","flashcannon"],"name":"Hydreigon","nature":"Modest","species":"Hydreigon"},{"ability":"pixilate","evs":{"atk":0,"def":0,"hp":252,"spa":252,"spd":4,"spe":0},"happiness":160,"item":"choicespecs","ivs":{"atk":0,"def":31,"hp":31,"spa":31,"spd":31,"spe":31},"level":100,"moves":["hypervoice","shadowball","psyshock","mysticalfire"],"name":"Sylveon","nature":"Modest","species":"Sylveon"},{"ability":"levitate","evs":{"atk":0,"def":240,"hp":248,"spa":20,"spd":0,"spe":0},"gender":"N","happiness":160,"item":"leftovers","ivs":{"atk":0,"def":31,"hp":31,"spa":31,"spd":31,"spe":31},"level":100,"moves":["hydropump","voltswitch","willowisp","hex"],"name":"Rotom","nature":"Bold","species":"rotomwash"},{"ability":"stancechange","evs":{"atk":0,"def":0,"hp":232,"spa":176,"spd":100,"spe":0},"happiness":160,"item":"leftovers","ivs":{"atk":31,"def":31,"hp":31,"spa":31,"spd":31,"spe":31},"level":100,"moves":["shadowball","flashcannon","shadowsneak","kingsshield"],"name":"Aegislash","nature":"Quiet","species":"Aegislash"},{"ability":"gorillatactics","evs":{"atk":252,"def":4,"hp":0,"spa":0,"spd":0,"spe":252},"happiness":160,"item":"choicescarf","ivs":{"atk":31,"def":31,"hp":31,"spa":31,"spd":31,"spe":31},"level":100,"moves":["iciclecrash","superpower","earthquake","uturn"],"name":"Darmanitan","nature":"Jolly","species":"darmanitangalar"},{"ability":"magicguard","evs":{"atk":0,"def":4,"hp":252,"spa":252,"spd":0,"spe":0},"happiness":160,"item":"focussash","ivs":{"atk":0,"def":31,"hp":31,"spa":31,"spd":31,"spe":0},"level":100,"moves":["psychic","shadowball","focusblast","trickroom"],"name":"Reuniclus","nature":"Modest","species":"Reuniclus"}],"roomid":101984,"score":[0,2],"seed":[17211,4260,45154,46091],"timestamp":"Mon Dec 30 2019 10:XX","turns":18,"winner":"31467","rated_battle":true,"average_rating":1249}