{"endType":"forfeit","format":"gen8ou","inputLog":[">version aa9f8c6b9cf4eca780a1296832ecd3b0009641e0",">version-origin 5e8529faaa5905c5f8e15eafaaefa806ee8c7d06",">start {\"formatid\":\"gen8ou\",\"seed\":[19043,46577,41880,56035],\"rated\":\"Rated battle\"}",">player p1 {\"\"name\":\"16786\",\"rating\":1472}",">player p2 {\"\"name\":\"36361\",\"rating\":1458}",">p1 team 1, 2, 3, 4, 5, 6",">p2 team 4, 2, 3, 1, 5, 6",">p1 move uturn",">p2 move bravebird",">p1 switch 3",">p1 move swordsdance",">p2 move uturn",">p2 switch 2",">p1 switch 3",">p2 move appleacid",">p1 move roost",">p2 switch 2",">p1 move uturn",">p2 move uturn",">p2 switch 3",">p1 switch 2",">p1 move psychicfangs",">p2 switch 3",">p1 switch 4",">p2 move uturn",">p2 switch 6",">p1 move protect",">p2 move substitute",">p1 switch 2",">p2 move nastyplot",">p1 move uturn",">p2 move darkpulse",">p1 switch 6",">p1 move hurricane",">p2 move darkpulse",">p1 switch 4",">p1 move closecombat",">p2 switch 3"],"log":["|j|\u260616786","|j|\u260636361","|player|p1|16786|tuber|1472","|player|p2|36361|266|1458","|teamsize|p1|6","|teamsize|p2|6","|gametype|singles","|gen|8","|tier|[Gen 8] OU","|rated|","|rule|Sleep Clause Mod: Limit one foe put to sleep","|rule|Species Clause: Limit one of each Pok\u00e9mon","|rule|OHKO Clause: OHKO moves are banned","|rule|Evasion Moves Clause: Evasion moves are banned","|rule|Endless Battle Clause: Forcing endless battles is banned","|rule|HP Percentage Mod: HP is shown in percentages","|clearpoke","|poke|p1|Pelipper, F|","|poke|p1|Barraskewda, F|","|poke|p1|Drednaw, M|","|poke|p1|Ferrothorn, F|","|poke|p1|Dracovish|","|poke|p1|Mantine, M|","|poke|p2|Cinderace, M|","|poke|p2|Appletun, F|","|poke|p2|Toxapex, F|","|poke|p2|Corviknight, F|","|poke|p2|Darmanitan-Galar, F|","|poke|p2|Hydreigon, F|","|rule|Dynamax Clause: You cannot dynamax","|teampreview","|","|start","|switch|p1a: Pelipper|Pelipper, F|323\/323","|switch|p2a: Corviknight|Corviknight, F|399\/399","|-ability|p2a: Corviknight|Pressure","|-weather|RainDance|[from] ability: Drizzle|[of] p1a: Pelipper","|turn|1","|","|move|p2a: Corviknight|Brave Bird|p1a: Pelipper","|-damage|p1a: Pelipper|236\/323","|-damage|p2a: Corviknight|370\/399|[from] Recoil","|move|p1a: Pelipper|U-turn|p2a: Corviknight","|-resisted|p2a: Corviknight","|-damage|p2a: Corviknight|365\/399","|","|switch|p1a: Drednaw|Drednaw, M|321\/321","|","|-weather|RainDance|[upkeep]","|-heal|p2a: Corviknight|389\/399|[from] item: Leftovers","|upkeep","|turn|2","|","|move|p1a: Drednaw|Swords Dance|p1a: Drednaw","|-boost|p1a: Drednaw|atk|2","|move|p2a: Corviknight|U-turn|p1a: Drednaw","|-damage|p1a: Drednaw|265\/321","|","|switch|p2a: Appletun|Appletun, F|423\/423","|","|-weather|RainDance|[upkeep]","|upkeep","|turn|3","|","|switch|p1a: Pelipper|Pelipper, F|236\/323","|move|p2a: Appletun|Apple Acid|p1a: Pelipper","|-damage|p1a: Pelipper|119\/323","|-unboost|p1a: Pelipper|spd|1","|","|-weather|RainDance|[upkeep]","|upkeep","|turn|4","|","|switch|p2a: Corviknight|Corviknight, F|389\/399","|-ability|p2a: Corviknight|Pressure","|move|p1a: Pelipper|Roost|p1a: Pelipper","|-heal|p1a: Pelipper|281\/323","|-singleturn|p1a: Pelipper|move: Roost","|","|-weather|RainDance|[upkeep]","|-heal|p2a: Corviknight|399\/399|[from] item: Leftovers","|upkeep","|turn|5","|","|move|p2a: Corviknight|U-turn|p1a: Pelipper","|-resisted|p1a: Pelipper","|-damage|p1a: Pelipper|265\/323","|","|switch|p2a: Toxapex|Toxapex, F|303\/303","|move|p1a: Pelipper|U-turn|p2a: Toxapex","|-resisted|p2a: Toxapex","|-damage|p2a: Toxapex|294\/303","|","|switch|p1a: Barraskewda|Barraskewda, F|263\/263","|","|-weather|RainDance|[upkeep]","|-heal|p2a: Toxapex|303\/303|[from] item: Black Sludge","|upkeep","|turn|6","|","|switch|p2a: Corviknight|Corviknight, F|399\/399","|-ability|p2a: Corviknight|Pressure","|move|p1a: Barraskewda|Psychic Fangs|p2a: Corviknight","|-resisted|p2a: Corviknight","|-damage|p2a: Corviknight|333\/399","|","|-weather|RainDance|[upkeep]","|-heal|p2a: Corviknight|357\/399|[from] item: Leftovers","|upkeep","|turn|7","|","|switch|p1a: Ferrothorn|Ferrothorn, F|352\/352","|move|p2a: Corviknight|U-turn|p1a: Ferrothorn","|-crit|p1a: Ferrothorn","|-damage|p1a: Ferrothorn|310\/352","|-damage|p2a: Corviknight|308\/399|[from] ability: Iron Barbs|[of] p1a: Ferrothorn","|","|switch|p2a: Hydreigon|Hydreigon, F|326\/326","|","|-weather|RainDance|[upkeep]","|-heal|p1a: Ferrothorn|332\/352|[from] item: Leftovers","|upkeep","|turn|8","|","|move|p1a: Ferrothorn|Protect|p1a: Ferrothorn","|-singleturn|p1a: Ferrothorn|Protect","|move|p2a: Hydreigon|Substitute|p2a: Hydreigon","|-start|p2a: Hydreigon|Substitute","|-damage|p2a: Hydreigon|245\/326","|","|-weather|none","|-heal|p2a: Hydreigon|265\/326|[from] item: Leftovers","|-heal|p1a: Ferrothorn|352\/352|[from] item: Leftovers","|upkeep","|turn|9","|","|switch|p1a: Pelipper|Pelipper, F|265\/323","|-weather|RainDance|[from] ability: Drizzle|[of] p1a: Pelipper","|move|p2a: Hydreigon|Nasty Plot|p2a: Hydreigon","|-boost|p2a: Hydreigon|spa|2","|","|-weather|RainDance|[upkeep]","|-heal|p2a: Hydreigon|285\/326|[from] item: Leftovers","|upkeep","|turn|10","|","|move|p2a: Hydreigon|Dark Pulse|p1a: Pelipper","|-damage|p1a: Pelipper|0 fnt","|faint|p1a: Pelipper","|","|-weather|RainDance|[upkeep]","|-heal|p2a: Hydreigon|305\/326|[from] item: Leftovers","|upkeep","|","|switch|p1a: Mantine|Mantine, M|311\/311","|turn|11","|","|move|p1a: Mantine|Hurricane|p2a: Hydreigon","|-end|p2a: Hydreigon|Substitute","|move|p2a: Hydreigon|Dark Pulse|p1a: Mantine","|-crit|p1a: Mantine","|-damage|p1a: Mantine|0 fnt","|faint|p1a: Mantine","|","|-weather|RainDance|[upkeep]","|-heal|p2a: Hydreigon|325\/326|[from] item: Leftovers","|upkeep","|","|switch|p1a: Barraskewda|Barraskewda, F|263\/263","|turn|12","|","|switch|p2a: Toxapex|Toxapex, F|303\/303","|move|p1a: Barraskewda|Close Combat|p2a: Toxapex","|-resisted|p2a: Toxapex","|-damage|p2a: Toxapex|240\/303","|-unboost|p1a: Barraskewda|def|1","|-unboost|p1a: Barraskewda|spd|1","|","|-weather|RainDance|[upkeep]","|-heal|p2a: Toxapex|258\/303|[from] item: Black Sludge","|upkeep","|turn|13","|-message|16786 forfeited.","|","|win|36361","|l|\u260616786","|raw|16786's rating: 1472 &rarr; <strong>1451<\/strong><br \/>(-21 for losing)","|raw|36361's rating: 1458 &rarr; <strong>1479<\/strong><br \/>(+21 for winning)",""],"p1":"16786","p1rating":1472,"p1team":[{"ability":"drizzle","evs":{"atk":0,"def":252,"hp":248,"spa":8,"spd":0,"spe":0},"happiness":160,"item":"damprock","ivs":{"atk":31,"def":31,"hp":31,"spa":31,"spd":31,"spe":31},"level":100,"moves":["hurricane","uturn","scald","roost"],"name":"Pelipper","nature":"Bold","species":"Pelipper"},{"ability":"swiftswim","evs":{"atk":252,"def":0,"hp":0,"spa":0,"spd":4,"spe":252},"happiness":160,"item":"choiceband","ivs":{"atk":31,"def":31,"hp":31,"spa":31,"spd":31,"spe":31},"level":100,"moves":["closecombat","liquidation","crunch","psychicfangs"],"name":"Barraskewda","nature":"Adamant","species":"Barraskewda"},{"ability":"swiftswim","evs":{"atk":252,"def":0,"hp":0,"spa":0,"spd":4,"spe":252},"happiness":160,"item":"lifeorb","ivs":{"atk":31,"def":31,"hp":31,"spa":31,"spd":31,"spe":31},"level":100,"moves":["swordsdance","stoneedge","earthquake","liquidation"],"name":"Drednaw","nature":"Jolly","species":"Drednaw"},{"ability":"ironbarbs","evs":{"atk":4,"def":252,"hp":252,"spa":0,"spd":0,"spe":0},"happiness":160,"item":"leftovers","ivs":{"atk":31,"def":31,"hp":31,"spa":31,"spd":31,"spe":31},"level":100,"moves":["stealthrock","spikes","powerwhip","protect"],"name":"Ferrothorn","nature":"Impish","species":"Ferrothorn"},{"ability":"strongjaw","evs":{"atk":252,"def":0,"hp":0,"spa":0,"spd":4,"spe":252},"gender":"N","happiness":160,"item":"choicescarf","ivs":{"atk":31,"def":31,"hp":31,"spa":31,"spd":31,"spe":31},"level":100,"moves":["fishiousrend","outrage","crunch","lowkick"],"name":"Dracovish","nature":"Adamant","species":"Dracovish"},{"ability":"swiftswim","evs":{"atk":0,"def":0,"hp":0,"spa":252,"spd":4,"spe":252},"happiness":160,"item":"choicespecs","ivs":{"atk":0,"def":31,"hp":31,"spa":31,"spd":31,"spe":31},"level":100,"moves":["hurricane","hydropump","icebeam","roost"],"name":"Mantine","nature":"Modest","species":"Mantine"}],"p2":"36361","p2rating":1458,"p2team":[{"ability":"blaze","evs":{"atk":252,"def":0,"hp":0,"spa":0,"spd":4,"spe":252},"happiness":160,"item":"heavydutyboots","ivs":{"atk":31,"def":31,"hp":31,"spa":31,"spd":31,"spe":31},"level":100,"moves":["pyroball","uturn","suckerpunch","courtchange"],"name":"Cinderace","nature":"Jolly","species":"Cinderace"},{"ability":"thickfat","evs":{"atk":0,"def":8,"hp":248,"spa":0,"spd":252,"spe":0},"happiness":160,"item":"leftovers","ivs":{"atk":0,"def":31,"hp":31,"spa":31,"spd":31,"spe":31},"level":100,"moves":["leechseed","recover","appleacid","dragonpulse"],"name":"Appletun","nature":"Calm","species":"Appletun"},{"ability":"regenerator","evs":{"atk":0,"def":252,"hp":248,"spa":0,"spd":8,"spe":0},"happiness":160,"item":"blacksludge","ivs":{"atk":0,"def":31,"hp":31,"spa":31,"spd":31,"spe":31},"level":100,"moves":["scald","toxic","recover","haze"],"name":"Toxapex","nature":"Bold","species":"Toxapex"},{"ability":"pressure","evs":{"atk":0,"def":76,"hp":248,"spa":0,"spd":184,"spe":0},"happiness":160,"item":"leftovers","ivs":{"atk":31,"def":31,"hp":31,"spa":31,"spd":31,"spe":31},"level":100,"moves":["taunt","roost","bravebird","uturn"],"name":"Corviknight","nature":"Impish","species":"Corviknight"},{"ability":"gorillatactics","evs":{"atk":252,"def":0,"hp":0,"spa":0,"spd":4,"spe":252},"happiness":160,"item":"choicescarf","ivs":{"atk":31,"def":31,"hp":31,"spa":31,"spd":31,"spe":31},"level":100,"moves":["iciclecrash","flareblitz","earthquake","uturn"],"name":"Darmanitan","nature":"Jolly","species":"darmanitangalar"},{"ability":"levitate","evs":{"atk":0,"def":0,"hp":4,"spa":252,"spd":0,"spe":252},"happiness":160,"item":"leftovers","ivs":{"atk":0,"def":31,"hp":31,"spa":31,"spd":31,"spe":31},"level":100,"moves":["nastyplot","substitute","darkpulse","flashcannon"],"name":"Hydreigon","nature":"Timid","species":"Hydreigon"}],"roomid":1021256,"score":[4,6],"seed":[19043,46577,41880,56035],"timestamp":"Sat Dec 28 2019 16:XX","turns":13,"winner":"36361","rated_battle":true,"average_rating":1465}