{"endType":"normal","format":"gen8ou","inputLog":[">version aa9f8c6b9cf4eca780a1296832ecd3b0009641e0",">version-origin 5e8529faaa5905c5f8e15eafaaefa806ee8c7d06",">start {\"formatid\":\"gen8ou\",\"seed\":[54908,49446,49675,62075],\"rated\":\"Rated battle\"}",">player p1 {\"\"name\":\"33043\",\"rating\":1418}",">player p2 {\"\"name\":\"15925\",\"rating\":1387}",">p1 team 2, 1, 3, 4, 5, 6",">p2 team 1, 2, 3, 4, 5, 6",">p1 move stunspore",">p2 switch 5",">p1 move stunspore",">p2 move bravebird",">p1 move stickyweb",">p2 move uturn",">p2 switch 4",">p1 switch 2",">p1 move boomburst",">p2 move facade",">p2 switch 2",">p1 move boomburst",">p2 move earthquake",">p1 switch 3",">p1 move dragondarts",">p2 move suckerpunch",">p2 switch 4",">p1 switch 4",">p2 move defog",">p1 move trick",">p2 switch 5",">p1 switch 6",">p2 move fishiousrend",">p1 move stealthrock",">p2 switch 5",">p1 switch 6",">p2 move defog",">p1 move voltswitch",">p2 switch 5",">p1 switch 6",">p1 move earthpower",">p2 switch 3",">p1 move earthpower",">p2 move grasspledge",">p2 switch 6",">p1 switch 4",">p2 move psychic",">p1 switch 6",">p1 move trick",">p2 switch 5",">p1 move voltswitch",">p2 move uturn",">p1 switch 5",">p2 switch 3",">p1 move bravebird",">p2 move crunch",">p1 move bravebird",">p2 switch 3",">p1 switch 5",">p2 move uturn",">p2 switch 5",">p1 move voltswitch",">p2 move psychic",">p1 switch 5",">p1 move bulkup",">p2 switch 5",">p1 move bulkup",">p2 move uturn",">p2 switch 3",">p1 move bravebird",">p2 move fishiousrend",">p2 switch 5",">p1 move roost",">p2 move focusblast",">p1 move bravebird",">p2 move focusblast",">p1 switch 5",">p2 switch 3",">p1 move voltswitch",">p2 move uturn"],"log":["|j|\u260633043","|j|\u260615925","|player|p1|33043|266|1418","|player|p2|15925|ghetsis-gen5bw|1387","|teamsize|p1|6","|teamsize|p2|6","|gametype|singles","|gen|8","|tier|[Gen 8] OU","|rated|","|rule|Sleep Clause Mod: Limit one foe put to sleep","|rule|Species Clause: Limit one of each Pok\u00e9mon","|rule|OHKO Clause: OHKO moves are banned","|rule|Evasion Moves Clause: Evasion moves are banned","|rule|Endless Battle Clause: Forcing endless battles is banned","|rule|HP Percentage Mod: HP is shown in percentages","|clearpoke","|poke|p1|Toxtricity-Low-Key, M|","|poke|p1|Ribombee, F|","|poke|p1|Dragapult, F|","|poke|p1|Rotom-Heat|","|poke|p1|Corviknight, M|","|poke|p1|Seismitoad, M|","|poke|p2|Dracovish|","|poke|p2|Dugtrio, F|","|poke|p2|Silvally-*|","|poke|p2|Conkeldurr, M|","|poke|p2|Corviknight, M|","|poke|p2|Reuniclus, F|","|rule|Dynamax Clause: You cannot dynamax","|teampreview","|","|start","|switch|p1a: Ribombee|Ribombee, F|323\/323","|switch|p2a: Dracovish|Dracovish|321\/321","|turn|1","|","|switch|p2a: Corviknight|Corviknight, M|400\/400","|move|p1a: Ribombee|Stun Spore|p2a: Corviknight|[miss]","|-miss|p1a: Ribombee|p2a: Corviknight","|","|upkeep","|turn|2","|","|move|p1a: Ribombee|Stun Spore|p2a: Corviknight","|-status|p2a: Corviknight|par","|move|p2a: Corviknight|Brave Bird|p1a: Ribombee","|-supereffective|p1a: Ribombee","|-enditem|p1a: Ribombee|Focus Sash","|-damage|p1a: Ribombee|1\/323","|-damage|p2a: Corviknight|294\/400 par|[from] Recoil","|","|-heal|p2a: Corviknight|319\/400 par|[from] item: Leftovers","|upkeep","|turn|3","|","|move|p1a: Ribombee|Sticky Web|p2a: Corviknight","|-sidestart15925|move: Sticky Web","|move|p2a: Corviknight|U-turn|p1a: Ribombee","|-resisted|p1a: Ribombee","|-damage|p1a: Ribombee|0 fnt","|faint|p1a: Ribombee","|","|switch|p2a: Conkeldurr|Conkeldurr, M|370\/370","|-activate|p2a: Conkeldurr|move: Sticky Web","|-unboost|p2a: Conkeldurr|spe|1","|","|-status|p2a: Conkeldurr|brn|[from] item: Flame Orb","|upkeep","|","|switch|p1a: Toxtricity|Toxtricity-Low-Key, M|291\/291","|turn|4","|","|move|p1a: Toxtricity|Boomburst|p2a: Conkeldurr","|-damage|p2a: Conkeldurr|0 fnt","|faint|p2a: Conkeldurr","|","|upkeep","|","|switch|p2a: Dugtrio|Dugtrio, F|211\/211","|-activate|p2a: Dugtrio|move: Sticky Web","|-unboost|p2a: Dugtrio|spe|1","|turn|5","|","|move|p1a: Toxtricity|Boomburst|p2a: Dugtrio","|-enditem|p2a: Dugtrio|Focus Sash","|-damage|p2a: Dugtrio|1\/211","|move|p2a: Dugtrio|Earthquake|p1a: Toxtricity","|-supereffective|p1a: Toxtricity","|-damage|p1a: Toxtricity|0 fnt","|faint|p1a: Toxtricity","|","|upkeep","|","|switch|p1a: Dragapult|Dragapult, F|317\/317","|turn|6","|","|move|p2a: Dugtrio|Sucker Punch|p1a: Dragapult","|-supereffective|p1a: Dragapult","|-damage|p1a: Dragapult|135\/317","|move|p1a: Dragapult|Dragon Darts|p2a: Dugtrio","|-damage|p2a: Dugtrio|0 fnt","|-hitcount|p2a: Dugtrio|1","|faint|p2a: Dugtrio","|","|-heal|p1a: Dragapult|154\/317|[from] item: Leftovers","|upkeep","|","|switch|p2a: Corviknight|Corviknight, M|319\/400 par","|turn|7","|","|switch|p1a: Rotom|Rotom-Heat|241\/241","|move|p2a: Corviknight|Defog|p1a: Rotom","|-unboost|p1a: Rotom|evasion|1","|-sideend15925|Sticky Web|[from] move: Defog|[of] p2a: Corviknight","|","|-heal|p2a: Corviknight|344\/400 par|[from] item: Leftovers","|upkeep","|turn|8","|","|switch|p2a: Dracovish|Dracovish|321\/321","|move|p1a: Rotom|Trick|p2a: Dracovish","|-activate|p1a: Rotom|move: Trick|[of] p2a: Dracovish","|-item|p2a: Dracovish|Choice Scarf|[from] move: Trick","|-item|p1a: Rotom|Choice Band|[from] move: Trick","|","|upkeep","|turn|9","|","|switch|p1a: Seismitoad|Seismitoad, M|414\/414","|move|p2a: Dracovish|Fishious Rend|p1a: Seismitoad","|-immune|p1a: Seismitoad|[from] ability: Water Absorb","|","|upkeep","|turn|10","|","|switch|p2a: Corviknight|Corviknight, M|344\/400 par","|move|p1a: Seismitoad|Stealth Rock|p2a: Corviknight","|-sidestart15925|move: Stealth Rock","|","|-heal|p2a: Corviknight|369\/400 par|[from] item: Leftovers","|upkeep","|turn|11","|","|switch|p1a: Rotom|Rotom-Heat|241\/241","|move|p2a: Corviknight|Defog|p1a: Rotom","|-unboost|p1a: Rotom|evasion|1","|-sideend15925|Stealth Rock|[from] move: Defog|[of] p2a: Corviknight","|","|-heal|p2a: Corviknight|394\/400 par|[from] item: Leftovers","|upkeep","|turn|12","|","|switch|p2a: Dracovish|Dracovish|321\/321","|move|p1a: Rotom|Volt Switch|p2a: Dracovish","|-damage|p2a: Dracovish|194\/321","|","|switch|p1a: Seismitoad|Seismitoad, M|414\/414","|","|upkeep","|turn|13","|","|switch|p2a: Silvally|Silvally-Electric|331\/331","|move|p1a: Seismitoad|Earth Power|p2a: Silvally","|-supereffective|p2a: Silvally","|-damage|p2a: Silvally|107\/331","|","|upkeep","|turn|14","|","|move|p2a: Silvally|Grass Pledge|p1a: Seismitoad","|-supereffective|p1a: Seismitoad","|-damage|p1a: Seismitoad|94\/414","|move|p1a: Seismitoad|Earth Power|p2a: Silvally","|-supereffective|p2a: Silvally","|-damage|p2a: Silvally|0 fnt","|faint|p2a: Silvally","|","|-heal|p1a: Seismitoad|119\/414|[from] item: Leftovers","|upkeep","|","|switch|p2a: Reuniclus|Reuniclus, F|424\/424","|turn|15","|","|switch|p1a: Dragapult|Dragapult, F|154\/317","|move|p2a: Reuniclus|Psychic|p1a: Dragapult","|-damage|p1a: Dragapult|0 fnt","|faint|p1a: Dragapult","|","|upkeep","|","|switch|p1a: Rotom|Rotom-Heat|241\/241","|turn|16","|","|switch|p2a: Corviknight|Corviknight, M|394\/400 par","|move|p1a: Rotom|Trick|p2a: Corviknight","|-activate|p1a: Rotom|move: Trick|[of] p2a: Corviknight","|-item|p2a: Corviknight|Choice Band|[from] move: Trick","|-item|p1a: Rotom|Leftovers|[from] move: Trick","|","|upkeep","|turn|17","|","|move|p1a: Rotom|Volt Switch|p2a: Corviknight","|-supereffective|p2a: Corviknight","|-damage|p2a: Corviknight|208\/400 par","|","|switch|p1a: Corviknight|Corviknight, M|400\/400","|-ability|p1a: Corviknight|Pressure","|move|p2a: Corviknight|U-turn|p1a: Corviknight","|-resisted|p1a: Corviknight","|-damage|p1a: Corviknight|383\/400","|","|switch|p2a: Dracovish|Dracovish|194\/321","|","|-heal|p1a: Corviknight|400\/400|[from] item: Leftovers","|upkeep","|turn|18","|","|move|p2a: Dracovish|Crunch|p1a: Corviknight","|-damage|p1a: Corviknight|291\/400","|move|p1a: Corviknight|Brave Bird|p2a: Dracovish","|-damage|p2a: Dracovish|59\/321","|-damage|p1a: Corviknight|246\/400|[from] Recoil","|","|-heal|p1a: Corviknight|271\/400|[from] item: Leftovers","|upkeep","|turn|19","|","|switch|p2a: Corviknight|Corviknight, M|208\/400 par","|move|p1a: Corviknight|Brave Bird|p2a: Corviknight","|-resisted|p2a: Corviknight","|-damage|p2a: Corviknight|152\/400 par","|-damage|p1a: Corviknight|253\/400|[from] Recoil","|","|-heal|p1a: Corviknight|278\/400|[from] item: Leftovers","|upkeep","|turn|20","|","|switch|p1a: Rotom|Rotom-Heat|241\/241","|move|p2a: Corviknight|U-turn|p1a: Rotom","|-resisted|p1a: Rotom","|-damage|p1a: Rotom|205\/241","|","|switch|p2a: Reuniclus|Reuniclus, F|424\/424","|","|-heal|p1a: Rotom|220\/241|[from] item: Leftovers","|upkeep","|turn|21","|","|move|p1a: Rotom|Volt Switch|p2a: Reuniclus","|-damage|p2a: Reuniclus|300\/424","|","|switch|p1a: Corviknight|Corviknight, M|278\/400","|-ability|p1a: Corviknight|Pressure","|move|p2a: Reuniclus|Psychic|p1a: Corviknight","|-resisted|p1a: Corviknight","|-damage|p1a: Corviknight|213\/400","|","|-heal|p1a: Corviknight|238\/400|[from] item: Leftovers","|upkeep","|turn|22","|","|switch|p2a: Corviknight|Corviknight, M|152\/400 par","|move|p1a: Corviknight|Bulk Up|p1a: Corviknight","|-boost|p1a: Corviknight|atk|1","|-boost|p1a: Corviknight|def|1","|","|-heal|p1a: Corviknight|263\/400|[from] item: Leftovers","|upkeep","|turn|23","|","|move|p1a: Corviknight|Bulk Up|p1a: Corviknight","|-boost|p1a: Corviknight|atk|1","|-boost|p1a: Corviknight|def|1","|move|p2a: Corviknight|U-turn|p1a: Corviknight","|-resisted|p1a: Corviknight","|-damage|p1a: Corviknight|254\/400","|","|switch|p2a: Dracovish|Dracovish|59\/321","|","|-heal|p1a: Corviknight|279\/400|[from] item: Leftovers","|upkeep","|turn|24","|","|move|p2a: Dracovish|Fishious Rend|p1a: Corviknight","|-damage|p1a: Corviknight|86\/400","|move|p1a: Corviknight|Brave Bird|p2a: Dracovish","|-damage|p2a: Dracovish|0 fnt","|-damage|p1a: Corviknight|67\/400|[from] Recoil","|faint|p2a: Dracovish","|","|-heal|p1a: Corviknight|92\/400|[from] item: Leftovers","|upkeep","|","|switch|p2a: Reuniclus|Reuniclus, F|300\/424","|turn|25","|","|move|p1a: Corviknight|Roost|p1a: Corviknight","|-heal|p1a: Corviknight|292\/400","|-singleturn|p1a: Corviknight|move: Roost","|move|p2a: Reuniclus|Focus Blast|p1a: Corviknight","|-supereffective|p1a: Corviknight","|-damage|p1a: Corviknight|48\/400","|","|-heal|p1a: Corviknight|73\/400|[from] item: Leftovers","|upkeep","|turn|26","|","|move|p1a: Corviknight|Brave Bird|p2a: Reuniclus","|-damage|p2a: Reuniclus|0 fnt","|-damage|p1a: Corviknight|0 fnt|[from] Recoil","|faint|p2a: Reuniclus","|faint|p1a: Corviknight","|","|upkeep","|","|switch|p1a: Rotom|Rotom-Heat|220\/241","|switch|p2a: Corviknight|Corviknight, M|152\/400 par","|turn|27","|","|move|p1a: Rotom|Volt Switch|p2a: Corviknight","|-supereffective|p2a: Corviknight","|-damage|p2a: Corviknight|0 fnt","|faint|p2a: Corviknight","|","|win|33043","|raw|33043's rating: 1418 &rarr; <strong>1436<\/strong><br \/>(+18 for winning)","|raw|15925's rating: 1387 &rarr; <strong>1369<\/strong><br \/>(-18 for losing)",""],"p1":"33043","p1rating":1418,"p1team":[{"ability":"punkrock","evs":{"atk":0,"def":0,"hp":0,"spa":252,"spd":4,"spe":252},"happiness":160,"item":"choicespecs","ivs":{"atk":0,"def":31,"hp":31,"spa":31,"spd":31,"spe":31},"level":100,"moves":["overdrive","sludgewave","boomburst","voltswitch"],"name":"Toxtricity","nature":"Modest","species":"toxtricitylowkey"},{"ability":"honeygather","evs":{"atk":0,"def":0,"hp":248,"spa":8,"spd":0,"spe":252},"happiness":160,"item":"focussash","ivs":{"atk":31,"def":31,"hp":31,"spa":31,"spd":31,"spe":31},"level":100,"moves":["stickyweb","stunspore","moonblast","uturn"],"name":"Ribombee","nature":"Timid","species":"Ribombee"},{"ability":"infiltrator","evs":{"atk":252,"def":0,"hp":0,"spa":0,"spd":4,"spe":252},"happiness":160,"item":"leftovers","ivs":{"atk":31,"def":31,"hp":31,"spa":31,"spd":31,"spe":31},"level":100,"moves":["dragondarts","dragondance","phantomforce","substitute"],"name":"Dragapult","nature":"Adamant","species":"Dragapult"},{"ability":"levitate","evs":{"atk":0,"def":0,"hp":0,"spa":252,"spd":4,"spe":252},"gender":"N","happiness":160,"item":"choicescarf","ivs":{"atk":0,"def":31,"hp":31,"spa":31,"spd":31,"spe":31},"level":100,"moves":["voltswitch","trick","overheat","willowisp"],"name":"Rotom","nature":"Timid","species":"rotomheat"},{"ability":"pressure","evs":{"atk":4,"def":0,"hp":252,"spa":0,"spd":252,"spe":0},"happiness":160,"item":"leftovers","ivs":{"atk":31,"def":31,"hp":31,"spa":31,"spd":31,"spe":31},"level":100,"moves":["roost","bulkup","bravebird","defog"],"name":"Corviknight","nature":"Careful","species":"Corviknight"},{"ability":"waterabsorb","evs":{"atk":0,"def":252,"hp":252,"spa":4,"spd":0,"spe":0},"happiness":160,"item":"leftovers","ivs":{"atk":0,"def":31,"hp":31,"spa":31,"spd":31,"spe":31},"level":100,"moves":["stealthrock","toxic","scald","earthpower"],"name":"Seismitoad","nature":"Bold","species":"Seismitoad"}],"p2":"15925","p2rating":1387,"p2team":[{"ability":"strongjaw","evs":{"atk":252,"def":0,"hp":0,"spa":0,"spd":4,"spe":252},"gender":"N","happiness":160,"item":"choiceband","ivs":{"atk":31,"def":31,"hp":31,"spa":31,"spd":31,"spe":31},"level":100,"moves":["fishiousrend","superfang","psychicfangs","crunch"],"name":"Dracovish","nature":"Adamant","species":"Dracovish"},{"ability":"arenatrap","evs":{"atk":252,"def":0,"hp":0,"spa":0,"spd":4,"spe":252},"happiness":160,"item":"focussash","ivs":{"atk":31,"def":31,"hp":31,"spa":31,"spd":31,"spe":31},"level":100,"moves":["earthquake","stealthrock","reversal","suckerpunch"],"name":"Dugtrio","nature":"Jolly","species":"Dugtrio"},{"ability":"rkssystem","evs":{"atk":252,"def":0,"hp":0,"spa":4,"spd":0,"spe":252},"gender":"N","happiness":160,"item":"electricmemory","ivs":{"atk":31,"def":31,"hp":31,"spa":31,"spd":31,"spe":31},"level":100,"moves":["grasspledge","multiattack","firefang","swordsdance"],"name":"Silvally","nature":"Naive","species":"silvallyelectric"},{"ability":"guts","evs":{"atk":252,"def":0,"hp":76,"spa":0,"spd":0,"spe":180},"happiness":160,"item":"flameorb","ivs":{"atk":31,"def":31,"hp":31,"spa":31,"spd":31,"spe":31},"level":100,"moves":["drainpunch","machpunch","thunderpunch","facade"],"name":"Conkeldurr","nature":"Adamant","species":"Conkeldurr"},{"ability":"mirrorarmor","evs":{"atk":0,"def":72,"hp":252,"spa":0,"spd":184,"spe":0},"happiness":160,"item":"leftovers","ivs":{"atk":31,"def":31,"hp":31,"spa":31,"spd":31,"spe":31},"level":100,"moves":["roost","defog","uturn","bravebird"],"name":"Corviknight","nature":"Careful","species":"Corviknight"},{"ability":"magicguard","evs":{"atk":0,"def":0,"hp":252,"spa":252,"spd":4,"spe":0},"happiness":160,"item":"focussash","ivs":{"atk":0,"def":31,"hp":31,"spa":31,"spd":31,"spe":31},"level":100,"moves":["focusblast","psychic","trickroom","recover"],"name":"Reuniclus","nature":"Modest","species":"Reuniclus"}],"roomid":1018289,"score":[2,0],"seed":[54908,49446,49675,62075],"timestamp":"Sat Dec 28 2019 10:XX","turns":27,"winner":"33043","rated_battle":true,"average_rating":1402}