{"endType":"normal","format":"gen8ou","inputLog":[">version aa9f8c6b9cf4eca780a1296832ecd3b0009641e0",">version-origin 5e8529faaa5905c5f8e15eafaaefa806ee8c7d06",">start {\"formatid\":\"gen8ou\",\"seed\":[41084,24910,8769,41841],\"rated\":\"Rated battle\"}",">player p1 {\"\"name\":\"85744\",\"rating\":1260}",">player p2 {\"\"name\":\"61845\",\"rating\":1284}",">p1 team 5, 2, 3, 4, 1, 6",">p2 team 3, 2, 1, 4, 5, 6",">p1 move stickyweb",">p2 move uturn",">p2 switch 6",">p1 move stealthrock",">p2 move overdrive",">p1 move toxic",">p2 move overdrive",">p1 switch 4",">p1 move shadowball",">p2 move overdrive",">p1 move shadowball",">p2 move overdrive",">p2 switch 2",">p1 switch 2",">p2 move uturn",">p2 switch 6",">p1 move sludgebomb",">p2 move earthquake",">p1 switch 3",">p1 move crunch",">p2 switch 4",">p1 switch 5",">p2 move leechseed",">p1 move closecombat",">p2 move protect",">p1 move partingshot",">p2 move stealthrock",">p1 switch 2",">p1 move fireblast",">p2 move knockoff",">p2 switch 3",">p1 switch 5",">p2 move scald",">p1 move crunch",">p2 move scald",">p1 switch 5",">p2 move scald",">p1 move dracometeor",">p2 move recover",">p1 switch 2",">p1 move facade",">p2 move earthpower",">p1 move facade",">p2 move recover",">p2 switch 6",">p1 move closecombat",">p2 move uturn",">p2 switch 4",">p1 switch 6",">p1 move suckerpunch",">p2 move flareblitz",">p2 switch 4",">p1 switch 5",">p2 move fireblast",">p1 move outrage",">p2 switch 5",">p1 move waterfall",">p2 move moonblast",">p1 switch 5",">p1 move swordsdance",">p2 move fireblast"],"log":["|j|\u260685744","|j|\u260661845","|player|p1|85744|266|1260","|player|p2|61845|102|1284","|teamsize|p1|6","|teamsize|p2|6","|gametype|singles","|gen|8","|tier|[Gen 8] OU","|rated|","|rule|Sleep Clause Mod: Limit one foe put to sleep","|rule|Species Clause: Limit one of each Pok\u00e9mon","|rule|OHKO Clause: OHKO moves are banned","|rule|Evasion Moves Clause: Evasion moves are banned","|rule|Endless Battle Clause: Forcing endless battles is banned","|rule|HP Percentage Mod: HP is shown in percentages","|clearpoke","|poke|p1|Obstagoon, M|","|poke|p1|Weezing-Galar, M|","|poke|p1|Gyarados, M|","|poke|p1|Dragapult, M|","|poke|p1|Shuckle, F|","|poke|p1|Bisharp, M|","|poke|p2|Gastrodon, F|","|poke|p2|Hydreigon, M|","|poke|p2|Darmanitan-Galar, F|","|poke|p2|Ferrothorn, M|","|poke|p2|Clefable, F|","|poke|p2|Toxtricity, M|","|rule|Dynamax Clause: You cannot dynamax","|teampreview","|","|start","|switch|p1a: Shuckle|Shuckle, F|243\/243","|switch|p2a: Darmanitan|Darmanitan-Galar, F|351\/351","|turn|1","|","|move|p2a: Darmanitan|U-turn|p1a: Shuckle","|-damage|p1a: Shuckle|164\/243","|","|switch|p2a: Toxtricity|Toxtricity, M|354\/354","|move|p1a: Shuckle|Sticky Web|p2a: Toxtricity","|-sidestart61845|move: Sticky Web","|","|upkeep","|turn|2","|","|move|p2a: Toxtricity|Overdrive|p1a: Shuckle","|-damage|p1a: Shuckle|35\/243","|move|p1a: Shuckle|Stealth Rock|p2a: Toxtricity","|-sidestart61845|move: Stealth Rock","|","|upkeep","|turn|3","|","|move|p2a: Toxtricity|Overdrive|p1a: Shuckle","|-damage|p1a: Shuckle|0 fnt","|faint|p1a: Shuckle","|","|upkeep","|","|switch|p1a: Derek|Dragapult, M|317\/317","|turn|4","|","|move|p1a: Derek|Shadow Ball|p2a: Toxtricity","|-damage|p2a: Toxtricity|107\/354","|move|p2a: Toxtricity|Overdrive|p1a: Derek","|-resisted|p1a: Derek","|-damage|p1a: Derek|137\/317","|","|upkeep","|turn|5","|","|move|p1a: Derek|Shadow Ball|p2a: Toxtricity","|-damage|p2a: Toxtricity|0 fnt","|faint|p2a: Toxtricity","|","|upkeep","|","|switch|p2a: Hydreigon|Hydreigon, M|325\/325","|-damage|p2a: Hydreigon|285\/325|[from] Stealth Rock","|turn|6","|","|switch|p1a: Wes|Weezing-Galar, M, shiny|272\/272","|-ability|p1a: Wes|Neutralizing Gas","|move|p2a: Hydreigon|U-turn|p1a: Wes","|-resisted|p1a: Wes","|-damage|p1a: Wes|262\/272","|","|switch|p2a: Darmanitan|Darmanitan-Galar, F|351\/351","|-activate|p2a: Darmanitan|move: Sticky Web","|-unboost|p2a: Darmanitan|spe|1","|-damage|p2a: Darmanitan|264\/351|[from] Stealth Rock","|","|-heal|p1a: Wes|272\/272|[from] item: Black Sludge","|upkeep","|turn|7","|","|move|p2a: Darmanitan|Earthquake|p1a: Wes","|-supereffective|p1a: Wes","|-damage|p1a: Wes|0 fnt","|faint|p1a: Wes","|","|upkeep","|","|switch|p1a: Gary|Gyarados, M|331\/331","|-ability|p1a: Gary|Intimidate|boost","|-unboost|p2a: Darmanitan|atk|1","|turn|8","|","|switch|p2a: Ferrothorn|Ferrothorn, M|352\/352","|-activate|p2a: Ferrothorn|move: Sticky Web","|-unboost|p2a: Ferrothorn|spe|1","|-damage|p2a: Ferrothorn|330\/352|[from] Stealth Rock","|move|p1a: Gary|Crunch|p2a: Ferrothorn","|-damage|p2a: Ferrothorn|275\/352","|-damage|p1a: Gary|290\/331|[from] ability: Iron Barbs|[of] p2a: Ferrothorn","|","|-heal|p2a: Ferrothorn|297\/352|[from] item: Leftovers","|upkeep","|turn|9","|","|switch|p1a: Gene|Obstagoon, M, shiny|327\/327","|move|p2a: Ferrothorn|Leech Seed|p1a: Gene","|-start|p1a: Gene|move: Leech Seed","|","|-heal|p2a: Ferrothorn|319\/352|[from] item: Leftovers","|-damage|p1a: Gene|287\/327|[from] Leech Seed|[of] p2a: Ferrothorn","|-heal|p2a: Ferrothorn|352\/352|[silent]","|-status|p1a: Gene|brn|[from] item: Flame Orb","|upkeep","|turn|10","|","|move|p2a: Ferrothorn|Protect|p2a: Ferrothorn","|-singleturn|p2a: Ferrothorn|Protect","|move|p1a: Gene|Close Combat|p2a: Ferrothorn","|-activate|p2a: Ferrothorn|move: Protect","|","|-damage|p1a: Gene|247\/327 brn|[from] Leech Seed|[of] p2a: Ferrothorn","|-damage|p1a: Gene|227\/327 brn|[from] brn","|upkeep","|turn|11","|","|move|p1a: Gene|Parting Shot|p2a: Ferrothorn","|-unboost|p2a: Ferrothorn|atk|1","|-unboost|p2a: Ferrothorn|spa|1","|","|switch|p1a: Derek|Dragapult, M|137\/317","|move|p2a: Ferrothorn|Stealth Rock|p1a: Derek","|-sidestart85744|move: Stealth Rock","|","|upkeep","|turn|12","|","|move|p1a: Derek|Fire Blast|p2a: Ferrothorn","|-supereffective|p2a: Ferrothorn","|-damage|p2a: Ferrothorn|0 fnt","|faint|p2a: Ferrothorn","|","|upkeep","|","|switch|p2a: Gastrodon|Gastrodon, F|426\/426","|-activate|p2a: Gastrodon|move: Sticky Web","|-unboost|p2a: Gastrodon|spe|1","|-damage|p2a: Gastrodon|400\/426|[from] Stealth Rock","|turn|13","|","|switch|p1a: Gary|Gyarados, M|290\/331","|-damage|p1a: Gary|208\/331|[from] Stealth Rock","|-ability|p1a: Gary|Intimidate|boost","|-unboost|p2a: Gastrodon|atk|1","|move|p2a: Gastrodon|Scald|p1a: Gary","|-resisted|p1a: Gary","|-damage|p1a: Gary|185\/331","|","|-heal|p2a: Gastrodon|426\/426|[from] item: Leftovers","|upkeep","|turn|14","|","|move|p1a: Gary|Crunch|p2a: Gastrodon","|-damage|p2a: Gastrodon|334\/426","|move|p2a: Gastrodon|Scald|p1a: Gary","|-resisted|p1a: Gary","|-damage|p1a: Gary|164\/331","|","|-heal|p2a: Gastrodon|360\/426|[from] item: Leftovers","|upkeep","|turn|15","|","|switch|p1a: Derek|Dragapult, M|137\/317","|-damage|p1a: Derek|98\/317|[from] Stealth Rock","|move|p2a: Gastrodon|Scald|p1a: Derek","|-resisted|p1a: Derek","|-damage|p1a: Derek|38\/317","|-status|p1a: Derek|brn","|","|-heal|p2a: Gastrodon|386\/426|[from] item: Leftovers","|-damage|p1a: Derek|19\/317 brn|[from] brn","|upkeep","|turn|16","|","|move|p1a: Derek|Draco Meteor|p2a: Gastrodon","|-damage|p2a: Gastrodon|47\/426","|-unboost|p1a: Derek|spa|2","|move|p2a: Gastrodon|Recover|p2a: Gastrodon","|-heal|p2a: Gastrodon|260\/426","|","|-heal|p2a: Gastrodon|286\/426|[from] item: Leftovers","|-damage|p1a: Derek|0 fnt|[from] brn","|faint|p1a: Derek","|upkeep","|","|switch|p1a: Gene|Obstagoon, M, shiny|227\/327 brn","|-damage|p1a: Gene|187\/327 brn|[from] Stealth Rock","|turn|17","|","|move|p1a: Gene|Facade|p2a: Gastrodon","|-damage|p2a: Gastrodon|28\/426","|move|p2a: Gastrodon|Earth Power|p1a: Gene","|-damage|p1a: Gene|60\/327 brn","|","|-heal|p2a: Gastrodon|54\/426|[from] item: Leftovers","|-damage|p1a: Gene|40\/327 brn|[from] brn","|upkeep","|turn|18","|","|move|p1a: Gene|Facade|p2a: Gastrodon","|-damage|p2a: Gastrodon|0 fnt","|faint|p2a: Gastrodon","|","|-damage|p1a: Gene|20\/327 brn|[from] brn","|upkeep","|","|switch|p2a: Hydreigon|Hydreigon, M|285\/325","|-damage|p2a: Hydreigon|245\/325|[from] Stealth Rock","|turn|19","|","|move|p2a: Hydreigon|U-turn|p1a: Gene","|-supereffective|p1a: Gene","|-damage|p1a: Gene|0 fnt","|faint|p1a: Gene","|","|switch|p2a: Darmanitan|Darmanitan-Galar, F|264\/351","|-damage|p2a: Darmanitan|177\/351|[from] Stealth Rock","|-activate|p2a: Darmanitan|move: Sticky Web","|-unboost|p2a: Darmanitan|spe|1","|","|upkeep","|","|switch|p1a: Fischer|Bisharp, M, shiny|334\/334","|-damage|p1a: Fischer|314\/334|[from] Stealth Rock","|turn|20","|","|move|p1a: Fischer|Sucker Punch|p2a: Darmanitan","|-damage|p2a: Darmanitan|0 fnt","|faint|p2a: Darmanitan","|","|upkeep","|","|switch|p2a: Hydreigon|Hydreigon, M|245\/325","|-damage|p2a: Hydreigon|205\/325|[from] Stealth Rock","|turn|21","|","|switch|p1a: Gary|Gyarados, M|164\/331","|-damage|p1a: Gary|82\/331|[from] Stealth Rock","|-ability|p1a: Gary|Intimidate|boost","|-unboost|p2a: Hydreigon|atk|1","|move|p2a: Hydreigon|Fire Blast|p1a: Gary","|-resisted|p1a: Gary","|-crit|p1a: Gary","|-damage|p1a: Gary|31\/331","|","|upkeep","|turn|22","|","|switch|p2a: Clefable|Clefable, F|394\/394","|-activate|p2a: Clefable|move: Sticky Web","|-unboost|p2a: Clefable|spe|1","|move|p1a: Gary|Outrage|p2a: Clefable","|-immune|p2a: Clefable","|","|upkeep","|turn|23","|","|move|p1a: Gary|Waterfall|p2a: Clefable","|-damage|p2a: Clefable|214\/394","|move|p2a: Clefable|Moonblast|p1a: Gary","|-damage|p1a: Gary|0 fnt","|faint|p1a: Gary","|","|upkeep","|","|switch|p1a: Fischer|Bisharp, M, shiny|314\/334","|-damage|p1a: Fischer|294\/334|[from] Stealth Rock","|turn|24","|","|move|p1a: Fischer|Swords Dance|p1a: Fischer","|-boost|p1a: Fischer|atk|2","|move|p2a: Clefable|Fire Blast|p1a: Fischer","|-supereffective|p1a: Fischer","|-damage|p1a: Fischer|0 fnt","|faint|p1a: Fischer","|","|win|61845","|raw|85744's rating: 1260 &rarr; <strong>1237<\/strong><br \/>(-23 for losing)","|raw|61845's rating: 1284 &rarr; <strong>1308<\/strong><br \/>(+24 for winning)",""],"p1":"85744","p1rating":1260,"p1team":[{"ability":"guts","evs":{"atk":252,"def":0,"hp":0,"spa":0,"spd":4,"spe":252},"gender":"M","happiness":160,"item":"flameorb","ivs":{"atk":31,"def":31,"hp":31,"spa":31,"spd":31,"spe":31},"level":100,"moves":["facade","knockoff","closecombat","partingshot"],"name":"Gene","nature":"Jolly","shiny":true,"species":"obstagoon"},{"ability":"neutralizinggas","evs":{"atk":0,"def":252,"hp":4,"spa":0,"spd":252,"spe":0},"gender":"M","happiness":160,"item":"blacksludge","ivs":{"atk":0,"def":31,"hp":31,"spa":31,"spd":31,"spe":31},"level":100,"moves":["strangesteam","sludgebomb","taunt","defog"],"name":"Wes","nature":"Calm","shiny":true,"species":"weezinggalar"},{"ability":"intimidate","evs":{"atk":252,"def":0,"hp":0,"spa":0,"spd":252,"spe":4},"gender":"M","happiness":160,"item":"assaultvest","ivs":{"atk":31,"def":31,"hp":31,"spa":31,"spd":31,"spe":31},"level":100,"moves":["waterfall","crunch","earthquake","outrage"],"name":"Gary","nature":"Impish","species":"gyarados"},{"ability":"clearbody","evs":{"atk":0,"def":0,"hp":0,"spa":252,"spd":4,"spe":252},"gender":"M","happiness":160,"item":"choicespecs","ivs":{"atk":31,"def":31,"hp":31,"spa":31,"spd":31,"spe":31},"level":100,"moves":["uturn","dracometeor","shadowball","fireblast"],"name":"Derek","nature":"Timid","species":"dragapult"},{"ability":"sturdy","evs":{"atk":0,"def":8,"hp":248,"spa":0,"spd":252,"spe":0},"happiness":160,"item":"mentalherb","ivs":{"atk":0,"def":31,"hp":31,"spa":31,"spd":31,"spe":31},"level":100,"moves":["encore","toxic","stealthrock","stickyweb"],"name":"Shuckle","nature":"Bold","species":"Shuckle"},{"ability":"defiant","evs":{"atk":252,"def":0,"hp":252,"spa":0,"spd":4,"spe":0},"gender":"M","happiness":160,"item":"scopelens","ivs":{"atk":31,"def":31,"hp":31,"spa":31,"spd":31,"spe":31},"level":100,"moves":["suckerpunch","nightslash","psychocut","swordsdance"],"name":"Fischer","nature":"Adamant","shiny":true,"species":"bisharp"}],"p2":"61845","p2rating":1284,"p2team":[{"ability":"stormdrain","evs":{"atk":0,"def":252,"hp":252,"spa":4,"spd":0,"spe":0},"gender":"F","happiness":160,"item":"leftovers","ivs":{"atk":0,"def":31,"hp":31,"spa":31,"spd":31,"spe":31},"level":100,"moves":["earthpower","clearsmog","scald","recover"],"name":"Gastrodon","nature":"Bold","species":"Gastrodon"},{"ability":"levitate","evs":{"atk":0,"def":0,"hp":0,"spa":252,"spd":4,"spe":252},"gender":"M","happiness":160,"item":"choicescarf","ivs":{"atk":31,"def":31,"hp":31,"spa":31,"spd":31,"spe":31},"level":100,"moves":["uturn","fireblast","dracometeor","darkpulse"],"name":"Hydreigon","nature":"Timid","species":"Hydreigon"},{"ability":"gorillatactics","evs":{"atk":252,"def":0,"hp":0,"spa":0,"spd":4,"spe":252},"happiness":160,"item":"choiceband","ivs":{"atk":31,"def":31,"hp":31,"spa":31,"spd":31,"spe":31},"level":100,"moves":["uturn","flareblitz","iciclecrash","earthquake"],"name":"Darmanitan","nature":"Jolly","species":"darmanitangalar"},{"ability":"ironbarbs","evs":{"atk":4,"def":252,"hp":252,"spa":0,"spd":0,"spe":0},"gender":"M","happiness":160,"item":"leftovers","ivs":{"atk":31,"def":31,"hp":31,"spa":31,"spd":31,"spe":31},"level":100,"moves":["stealthrock","leechseed","protect","knockoff"],"name":"Ferrothorn","nature":"Impish","species":"Ferrothorn"},{"ability":"magicguard","evs":{"atk":0,"def":0,"hp":252,"spa":252,"spd":4,"spe":0},"gender":"F","happiness":160,"item":"lifeorb","ivs":{"atk":0,"def":31,"hp":31,"spa":31,"spd":31,"spe":31},"level":100,"moves":["fireblast","thunderbolt","moonblast","moonlight"],"name":"Clefable","nature":"Modest","species":"Clefable"},{"ability":"punkrock","evs":{"atk":0,"def":0,"hp":252,"spa":252,"spd":4,"spe":0},"gender":"M","happiness":160,"item":"choicespecs","ivs":{"atk":0,"def":31,"hp":31,"spa":31,"spd":31,"spe":31},"level":100,"moves":["boomburst","overdrive","voltswitch","sludgewave"],"name":"Toxtricity","nature":"Modest","species":"Toxtricity"}],"roomid":1020247,"score":[0,2],"seed":[41084,24910,8769,41841],"timestamp":"Sat Dec 28 2019 09:XX","turns":24,"winner":"61845","rated_battle":true,"average_rating":1272}