{"endType":"normal","format":"gen8ou","inputLog":[">version aa9f8c6b9cf4eca780a1296832ecd3b0009641e0",">version-origin 5e8529faaa5905c5f8e15eafaaefa806ee8c7d06",">start {\"formatid\":\"gen8ou\",\"seed\":[20309,57655,37283,54985],\"rated\":\"Rated battle\"}",">player p1 {\"\"name\":\"32032\",\"rating\":1240}",">player p2 {\"\"name\":\"19371\",\"rating\":1232}",">p1 team 6, 2, 3, 4, 5, 1",">p2 team 3, 2, 1, 4, 5, 6",">p1 move voltswitch",">p2 move stealthrock",">p1 switch 3",">p2 move earthquake",">p1 move drainpunch",">p2 switch 4",">p1 switch 6",">p2 move psychic",">p1 move swordsdance",">p2 move heatwave",">p1 switch 4",">p1 move shadowball",">p2 move psychic",">p2 switch 4",">p1 switch 2",">p2 move earthquake",">p1 move flamethrower",">p2 move earthquake",">p1 switch 6",">p1 move drainpunch",">p2 move earthquake",">p1 move machpunch",">p2 move earthquake",">p2 switch 2",">p1 switch 3",">p2 move quiverdance",">p1 move sludgewave",">p2 move quiverdance",">p1 move sludgewave",">p2 move bugbuzz",">p2 switch 3",">p1 move sludgewave",">p2 move obstruct",">p1 move sludgewave",">p2 move facade",">p1 switch 3",">p1 move machpunch",">p2 switch 6",">p1 switch 2",">p2 move closecombat",">p1 move dracometeor",">p2 move suckerpunch",">p1 switch 5",">p2 move earthquake",">p1 move psychicfangs",">p2 switch 6",">p1 switch 2",">p2 move knockoff",">p1 switch 5",">p1 move dracometeor",">p2 move knockoff",">p2 switch 6",">p1 switch 2",">p2 move closecombat",">p1 move psychicfangs",">p2 move suckerpunch",">p1 switch 2",">p1 move fireblast",">p2 move suckerpunch"],"log":["|j|\u260632032","|j|\u260619371","|player|p1|32032|kimonogirl|1240","|player|p2|19371|dawn|1232","|teamsize|p1|6","|teamsize|p2|6","|gametype|singles","|gen|8","|tier|[Gen 8] OU","|rated|","|rule|Sleep Clause Mod: Limit one foe put to sleep","|rule|Species Clause: Limit one of each Pok\u00e9mon","|rule|OHKO Clause: OHKO moves are banned","|rule|Evasion Moves Clause: Evasion moves are banned","|rule|Endless Battle Clause: Forcing endless battles is banned","|rule|HP Percentage Mod: HP is shown in percentages","|clearpoke","|poke|p1|Bisharp, M|","|poke|p1|Clefable, M|","|poke|p1|Conkeldurr, F|","|poke|p1|Dragapult, F|","|poke|p1|Dracovish|","|poke|p1|Toxtricity, M|","|poke|p2|Obstagoon, F|","|poke|p2|Ribombee, M|","|poke|p2|Mamoswine, M|","|poke|p2|Sigilyph, M|","|poke|p2|Rillaboom, M|","|poke|p2|Hitmontop, M|","|rule|Dynamax Clause: You cannot dynamax","|teampreview","|","|start","|switch|p1a: Toxtricity|Toxtricity, M|292\/292","|switch|p2a: Mamoswine|Mamoswine, M|361\/361","|turn|1","|","|move|p2a: Mamoswine|Stealth Rock|p1a: Toxtricity","|-sidestart32032|move: Stealth Rock","|move|p1a: Toxtricity|Volt Switch|p2a: Mamoswine","|-immune|p2a: Mamoswine","|","|upkeep","|turn|2","|","|switch|p1a: Conkeldurr|Conkeldurr, F|410\/410","|-damage|p1a: Conkeldurr|385\/410|[from] Stealth Rock","|move|p2a: Mamoswine|Earthquake|p1a: Conkeldurr","|-damage|p1a: Conkeldurr|210\/410","|","|-status|p1a: Conkeldurr|brn|[from] item: Flame Orb","|upkeep","|turn|3","|","|switch|p2a: Sigilyph|Sigilyph, M|285\/285","|move|p1a: Conkeldurr|Drain Punch|p2a: Sigilyph","|-resisted|p2a: Sigilyph","|-damage|p2a: Sigilyph|217\/285","|-heal|p1a: Conkeldurr|244\/410 brn|[from] drain|[of] p2a: Sigilyph","|","|-damage|p1a: Conkeldurr|219\/410 brn|[from] brn","|upkeep","|turn|4","|","|switch|p1a: Bisharp|Bisharp, M|334\/334","|-damage|p1a: Bisharp|314\/334|[from] Stealth Rock","|move|p2a: Sigilyph|Psychic|p1a: Bisharp","|-immune|p1a: Bisharp","|","|upkeep","|turn|5","|","|move|p2a: Sigilyph|Heat Wave|p1a: Bisharp","|-supereffective|p1a: Bisharp","|-damage|p1a: Bisharp|0 fnt","|faint|p1a: Bisharp","|","|upkeep","|","|switch|p1a: Dragapult|Dragapult, F|317\/317","|-damage|p1a: Dragapult|278\/317|[from] Stealth Rock","|turn|6","|","|move|p1a: Dragapult|Shadow Ball|p2a: Sigilyph","|-supereffective|p2a: Sigilyph","|-damage|p2a: Sigilyph|0 fnt","|faint|p2a: Sigilyph","|","|upkeep","|","|switch|p2a: Mamoswine|Mamoswine, M|361\/361","|turn|7","|","|switch|p1a: Clefable|Clefable, M|380\/380","|move|p2a: Mamoswine|Earthquake|p1a: Clefable","|-damage|p1a: Clefable|146\/380","|","|upkeep","|turn|8","|","|move|p2a: Mamoswine|Earthquake|p1a: Clefable","|-damage|p1a: Clefable|0 fnt","|faint|p1a: Clefable","|","|upkeep","|","|switch|p1a: Conkeldurr|Conkeldurr, F|219\/410 brn","|-damage|p1a: Conkeldurr|194\/410 brn|[from] Stealth Rock","|turn|9","|","|move|p2a: Mamoswine|Earthquake|p1a: Conkeldurr","|-damage|p1a: Conkeldurr|14\/410 brn","|move|p1a: Conkeldurr|Drain Punch|p2a: Mamoswine","|-supereffective|p2a: Mamoswine","|-enditem|p2a: Mamoswine|Focus Sash","|-damage|p2a: Mamoswine|1\/361","|-heal|p1a: Conkeldurr|194\/410 brn|[from] drain|[of] p2a: Mamoswine","|","|-damage|p1a: Conkeldurr|169\/410 brn|[from] brn","|upkeep","|turn|10","|","|move|p1a: Conkeldurr|Mach Punch|p2a: Mamoswine","|-supereffective|p2a: Mamoswine","|-damage|p2a: Mamoswine|0 fnt","|faint|p2a: Mamoswine","|","|-damage|p1a: Conkeldurr|144\/410 brn|[from] brn","|upkeep","|","|switch|p2a: Ribombee|Ribombee, M|261\/261","|turn|11","|","|switch|p1a: Toxtricity|Toxtricity, M|292\/292","|-damage|p1a: Toxtricity|256\/292|[from] Stealth Rock","|move|p2a: Ribombee|Quiver Dance|p2a: Ribombee","|-boost|p2a: Ribombee|spa|1","|-boost|p2a: Ribombee|spd|1","|-boost|p2a: Ribombee|spe|1","|","|upkeep","|turn|12","|","|move|p2a: Ribombee|Quiver Dance|p2a: Ribombee","|-boost|p2a: Ribombee|spa|1","|-boost|p2a: Ribombee|spd|1","|-boost|p2a: Ribombee|spe|1","|move|p1a: Toxtricity|Sludge Wave|p2a: Ribombee","|-supereffective|p2a: Ribombee","|-enditem|p2a: Ribombee|Focus Sash","|-damage|p2a: Ribombee|1\/261","|","|upkeep","|turn|13","|","|move|p2a: Ribombee|Bug Buzz|p1a: Toxtricity","|-resisted|p1a: Toxtricity","|-damage|p1a: Toxtricity|164\/292","|move|p1a: Toxtricity|Sludge Wave|p2a: Ribombee","|-supereffective|p2a: Ribombee","|-damage|p2a: Ribombee|0 fnt","|faint|p2a: Ribombee","|","|upkeep","|","|switch|p2a: Obstagoon|Obstagoon, F|327\/327","|turn|14","|","|move|p2a: Obstagoon|Obstruct|p2a: Obstagoon","|-singleturn|p2a: Obstagoon|Protect","|move|p1a: Toxtricity|Sludge Wave|p2a: Obstagoon","|-activate|p2a: Obstagoon|move: Protect","|","|-status|p2a: Obstagoon|brn|[from] item: Flame Orb","|upkeep","|turn|15","|","|move|p2a: Obstagoon|Facade|p1a: Toxtricity","|-damage|p1a: Toxtricity|0 fnt","|faint|p1a: Toxtricity","|","|-damage|p2a: Obstagoon|307\/327 brn|[from] brn","|upkeep","|","|switch|p1a: Conkeldurr|Conkeldurr, F|144\/410 brn","|-damage|p1a: Conkeldurr|119\/410 brn|[from] Stealth Rock","|turn|16","|","|switch|p2a: Hitmontop|Hitmontop, M|304\/304","|-ability|p2a: Hitmontop|Intimidate|boost","|-unboost|p1a: Conkeldurr|atk|1","|move|p1a: Conkeldurr|Mach Punch|p2a: Hitmontop","|-damage|p2a: Hitmontop|214\/304","|","|-heal|p2a: Hitmontop|233\/304|[from] item: Leftovers","|-damage|p1a: Conkeldurr|94\/410 brn|[from] brn","|upkeep","|turn|17","|","|switch|p1a: Dragapult|Dragapult, F|278\/317","|-damage|p1a: Dragapult|239\/317|[from] Stealth Rock","|move|p2a: Hitmontop|Close Combat|p1a: Dragapult","|-immune|p1a: Dragapult","|","|-heal|p2a: Hitmontop|252\/304|[from] item: Leftovers","|upkeep","|turn|18","|","|move|p2a: Hitmontop|Sucker Punch|p1a: Dragapult","|-supereffective|p1a: Dragapult","|-damage|p1a: Dragapult|97\/317","|move|p1a: Dragapult|Draco Meteor|p2a: Hitmontop|[miss]","|-miss|p1a: Dragapult|p2a: Hitmontop","|","|-heal|p2a: Hitmontop|271\/304|[from] item: Leftovers","|upkeep","|turn|19","|","|switch|p1a: Dracovish|Dracovish|321\/321","|-damage|p1a: Dracovish|281\/321|[from] Stealth Rock","|move|p2a: Hitmontop|Earthquake|p1a: Dracovish","|-damage|p1a: Dracovish|199\/321","|","|-heal|p2a: Hitmontop|290\/304|[from] item: Leftovers","|upkeep","|turn|20","|","|switch|p2a: Obstagoon|Obstagoon, F|307\/327 brn","|move|p1a: Dracovish|Psychic Fangs|p2a: Obstagoon","|-immune|p2a: Obstagoon","|","|-damage|p2a: Obstagoon|287\/327 brn|[from] brn","|upkeep","|turn|21","|","|switch|p1a: Conkeldurr|Conkeldurr, F|94\/410 brn","|-damage|p1a: Conkeldurr|69\/410 brn|[from] Stealth Rock","|move|p2a: Obstagoon|Knock Off|p1a: Conkeldurr","|-resisted|p1a: Conkeldurr","|-damage|p1a: Conkeldurr|0 fnt","|-enditem|p1a: Conkeldurr|Flame Orb|[from] move: Knock Off|[of] p2a: Obstagoon","|faint|p1a: Conkeldurr","|","|-damage|p2a: Obstagoon|267\/327 brn|[from] brn","|upkeep","|","|switch|p1a: Dragapult|Dragapult, F|97\/317","|-damage|p1a: Dragapult|58\/317|[from] Stealth Rock","|turn|22","|","|move|p1a: Dragapult|Draco Meteor|p2a: Obstagoon","|-damage|p2a: Obstagoon|0 fnt","|-unboost|p1a: Dragapult|spa|2","|faint|p2a: Obstagoon","|","|upkeep","|","|switch|p2a: Hitmontop|Hitmontop, M|290\/304","|-ability|p2a: Hitmontop|Intimidate|boost","|-unboost|p1a: Dragapult|atk|1","|turn|23","|","|switch|p1a: Dracovish|Dracovish|199\/321","|-damage|p1a: Dracovish|159\/321|[from] Stealth Rock","|move|p2a: Hitmontop|Close Combat|p1a: Dracovish","|-damage|p1a: Dracovish|23\/321","|-unboost|p2a: Hitmontop|def|1","|-unboost|p2a: Hitmontop|spd|1","|","|-heal|p2a: Hitmontop|304\/304|[from] item: Leftovers","|upkeep","|turn|24","|","|move|p2a: Hitmontop|Sucker Punch|p1a: Dracovish","|-damage|p1a: Dracovish|0 fnt","|faint|p1a: Dracovish","|","|upkeep","|","|switch|p1a: Dragapult|Dragapult, F|58\/317","|-damage|p1a: Dragapult|19\/317|[from] Stealth Rock","|turn|25","|","|move|p2a: Hitmontop|Sucker Punch|p1a: Dragapult","|-supereffective|p1a: Dragapult","|-crit|p1a: Dragapult","|-damage|p1a: Dragapult|0 fnt","|faint|p1a: Dragapult","|","|win|19371","|raw|32032's rating: 1240 &rarr; <strong>1214<\/strong><br \/>(-26 for losing)","|raw|19371's rating: 1232 &rarr; <strong>1257<\/strong><br \/>(+25 for winning)",""],"p1":"32032","p1rating":1240,"p1team":[{"ability":"defiant","evs":{"atk":0,"def":4,"hp":252,"spa":0,"spd":0,"spe":252},"happiness":160,"item":"lifeorb","ivs":{"atk":31,"def":31,"hp":31,"spa":31,"spd":31,"spe":31},"level":100,"moves":["suckerpunch","ironhead","throatchop","swordsdance"],"name":"Bisharp","nature":"Jolly","species":"Bisharp"},{"ability":"magicguard","evs":{"atk":0,"def":0,"hp":196,"spa":252,"spd":0,"spe":60},"happiness":160,"item":"lifeorb","ivs":{"atk":0,"def":31,"hp":31,"spa":31,"spd":31,"spe":31},"level":100,"moves":["flamethrower","moonblast","icebeam","moonlight"],"name":"Clefable","nature":"Modest","species":"Clefable"},{"ability":"guts","evs":{"atk":252,"def":0,"hp":236,"spa":0,"spd":0,"spe":20},"happiness":160,"item":"flameorb","ivs":{"atk":31,"def":31,"hp":31,"spa":31,"spd":31,"spe":31},"level":100,"moves":["drainpunch","machpunch","earthquake","defog"],"name":"Conkeldurr","nature":"Adamant","species":"Conkeldurr"},{"ability":"infiltrator","evs":{"atk":0,"def":0,"hp":0,"spa":252,"spd":4,"spe":252},"happiness":160,"item":"choicespecs","ivs":{"atk":0,"def":31,"hp":31,"spa":31,"spd":31,"spe":31},"level":100,"moves":["dracometeor","shadowball","fireblast","thunderbolt"],"name":"Dragapult","nature":"Timid","species":"Dragapult"},{"ability":"strongjaw","evs":{"atk":252,"def":0,"hp":0,"spa":0,"spd":4,"spe":252},"gender":"N","happiness":160,"item":"choiceband","ivs":{"atk":31,"def":31,"hp":31,"spa":31,"spd":31,"spe":31},"level":100,"moves":["fishiousrend","psychicfangs","crunch","outrage"],"name":"Dracovish","nature":"Adamant","species":"Dracovish"},{"ability":"punkrock","evs":{"atk":0,"def":0,"hp":4,"spa":252,"spd":0,"spe":252},"happiness":160,"item":"choicespecs","ivs":{"atk":31,"def":31,"hp":31,"spa":31,"spd":31,"spe":31},"level":100,"moves":["boomburst","overdrive","voltswitch","sludgewave"],"name":"Toxtricity","nature":"Timid","species":"Toxtricity"}],"p2":"19371","p2rating":1232,"p2team":[{"ability":"guts","evs":{"atk":252,"def":0,"hp":0,"spa":0,"spd":4,"spe":252},"happiness":160,"item":"flameorb","ivs":{"atk":31,"def":31,"hp":31,"spa":31,"spd":31,"spe":31},"level":100,"moves":["obstruct","closecombat","knockoff","facade"],"name":"Obstagoon","nature":"Jolly","species":"Obstagoon"},{"ability":"shielddust","evs":{"atk":0,"def":0,"hp":0,"spa":252,"spd":4,"spe":252},"happiness":160,"item":"focussash","ivs":{"atk":0,"def":31,"hp":31,"spa":31,"spd":31,"spe":31},"level":100,"moves":["stickyweb","quiverdance","moonblast","bugbuzz"],"name":"Ribombee","nature":"Timid","species":"Ribombee"},{"ability":"thickfat","evs":{"atk":252,"def":0,"hp":0,"spa":0,"spd":4,"spe":252},"happiness":160,"item":"focussash","ivs":{"atk":31,"def":31,"hp":31,"spa":31,"spd":31,"spe":31},"level":100,"moves":["earthquake","iciclecrash","iceshard","stealthrock"],"name":"Mamoswine","nature":"Jolly","species":"Mamoswine"},{"ability":"magicguard","evs":{"atk":0,"def":0,"hp":0,"spa":252,"spd":4,"spe":252},"happiness":160,"item":"lifeorb","ivs":{"atk":0,"def":31,"hp":31,"spa":31,"spd":31,"spe":31},"level":100,"moves":["airslash","calmmind","heatwave","psychic"],"name":"Sigilyph","nature":"Timid","species":"Sigilyph"},{"ability":"overgrow","evs":{"atk":252,"def":0,"hp":0,"spa":0,"spd":4,"spe":252},"happiness":160,"item":"leftovers","ivs":{"atk":31,"def":31,"hp":31,"spa":31,"spd":31,"spe":31},"level":100,"moves":["swordsdance","woodhammer","earthquake","knockoff"],"name":"Rillaboom","nature":"Jolly","species":"Rillaboom"},{"ability":"intimidate","evs":{"atk":0,"def":4,"hp":252,"spa":0,"spd":252,"spe":0},"gender":"M","happiness":160,"item":"leftovers","ivs":{"atk":31,"def":31,"hp":31,"spa":31,"spd":31,"spe":31},"level":100,"moves":["rapidspin","closecombat","suckerpunch","earthquake"],"name":"Hitmontop","nature":"Careful","species":"Hitmontop"}],"roomid":1022327,"score":[0,2],"seed":[20309,57655,37283,54985],"timestamp":"Sat Dec 28 2019 01:XX","turns":25,"winner":"19371","rated_battle":true,"average_rating":1236}