{"endType":"forfeit","format":"gen8ou","inputLog":[">version aa9f8c6b9cf4eca780a1296832ecd3b0009641e0",">version-origin 5e8529faaa5905c5f8e15eafaaefa806ee8c7d06",">start {\"formatid\":\"gen8ou\",\"seed\":[8723,33170,58064,30072],\"rated\":\"Rated battle\"}",">player p1 {\"\"name\":\"29625\",\"rating\":1273}",">player p2 {\"\"name\":\"9283\",\"rating\":1279}",">p1 team 4, 2, 3, 1, 5, 6",">p2 team 5, 2, 3, 4, 1, 6",">p1 move shadowball",">p2 move dracometeor",">p2 switch 6",">p1 switch 3",">p2 move spiritbreak",">p1 move substitute",">p2 switch 2",">p1 move bravebird",">p2 move pyroball",">p1 switch 4",">p2 move pyroball",">p1 move toxicspikes",">p2 switch 3",">p1 switch 6",">p2 move knockoff",">p1 move fireblast",">p2 move drumbeating",">p1 move darkpulse",">p2 move uturn",">p2 switch 3",">p1 move earthpower",">p2 move courtchange",">p2 switch 5",">p1 move dracometeor",">p2 move icebeam",">p1 switch 6",">p1 move toxicspikes",">p2 switch 4",">p1 move scald",">p2 move swordsdance",">p1 move scald",">p2 move swordsdance",">p1 move scald",">p2 move swordsdance",">p1 move scald",">p2 move ironhead",">p1 move banefulbunker",">p2 move ironhead",">p1 move scald",">p2 move ironhead",">p1 move banefulbunker",">p2 move ironhead",">p1 move recover",">p2 move ironhead",">p1 move banefulbunker",">p2 move ironhead",">p1 move scald",">p2 move ironhead"],"log":["|j|\u260629625","|j|\u26069283","|player|p1|29625|harlequin|1273","|player|p2|9283|mars|1279","|teamsize|p1|6","|teamsize|p2|6","|gametype|singles","|gen|8","|tier|[Gen 8] OU","|rated|","|rule|Sleep Clause Mod: Limit one foe put to sleep","|rule|Species Clause: Limit one of each Pok\u00e9mon","|rule|OHKO Clause: OHKO moves are banned","|rule|Evasion Moves Clause: Evasion moves are banned","|rule|Endless Battle Clause: Forcing endless battles is banned","|rule|HP Percentage Mod: HP is shown in percentages","|clearpoke","|poke|p1|Toxapex, M|","|poke|p1|Cinderace, F|","|poke|p1|Corviknight, M|","|poke|p1|Dragapult, F|","|poke|p1|Excadrill, M|","|poke|p1|Hydreigon, F|","|poke|p2|Inteleon, F|","|poke|p2|Cinderace, M|","|poke|p2|Rillaboom, M|","|poke|p2|Bisharp, M|","|poke|p2|Dragapult, M|","|poke|p2|Grimmsnarl, M|","|rule|Dynamax Clause: You cannot dynamax","|teampreview","|","|start","|switch|p1a: Dragapult|Dragapult, F|317\/317","|switch|p2a: Dragapult|Dragapult, M|317\/317","|turn|1","|","|move|p1a: Dragapult|Shadow Ball|p2a: Dragapult","|-supereffective|p2a: Dragapult","|-damage|p2a: Dragapult|0 fnt","|faint|p2a: Dragapult","|","|upkeep","|","|switch|p2a: Grimmsnarl|Grimmsnarl, M|331\/331","|turn|2","|","|switch|p1a: Corviknight|Corviknight, M|399\/399","|-ability|p1a: Corviknight|Pressure","|move|p2a: Grimmsnarl|Spirit Break|p1a: Corviknight","|-resisted|p1a: Corviknight","|-damage|p1a: Corviknight|312\/399","|-unboost|p1a: Corviknight|spa|1","|-damage|p2a: Grimmsnarl|298\/331|[from] item: Life Orb","|","|-heal|p1a: Corviknight|336\/399|[from] item: Leftovers","|upkeep","|turn|3","|","|switch|p2a: Cinderace|Cinderace, M|302\/302","|move|p1a: Corviknight|Substitute|p1a: Corviknight","|-start|p1a: Corviknight|Substitute","|-damage|p1a: Corviknight|237\/399","|","|-heal|p1a: Corviknight|261\/399|[from] item: Leftovers","|upkeep","|turn|4","|","|move|p2a: Cinderace|Pyro Ball|p1a: Corviknight","|-supereffective|p1a: Corviknight","|-end|p1a: Corviknight|Substitute","|-damage|p2a: Cinderace|272\/302|[from] item: Life Orb","|move|p1a: Corviknight|Brave Bird|p2a: Cinderace","|-damage|p2a: Cinderace|109\/302","|-damage|p1a: Corviknight|207\/399|[from] Recoil","|","|-heal|p1a: Corviknight|231\/399|[from] item: Leftovers","|upkeep","|turn|5","|","|switch|p1a: Toxapex|Toxapex, M|303\/303","|move|p2a: Cinderace|Pyro Ball|p1a: Toxapex","|-resisted|p1a: Toxapex","|-damage|p1a: Toxapex|235\/303","|-damage|p2a: Cinderace|79\/302|[from] item: Life Orb","|","|-heal|p1a: Toxapex|253\/303|[from] item: Black Sludge","|upkeep","|turn|6","|","|switch|p2a: Rillaboom|Rillaboom, M|404\/404","|move|p1a: Toxapex|Toxic Spikes|p2a: Rillaboom","|-sidestart9283|move: Toxic Spikes","|","|-heal|p1a: Toxapex|271\/303|[from] item: Black Sludge","|upkeep","|turn|7","|","|switch|p1a: Hydreigon|Hydreigon, F|325\/325","|move|p2a: Rillaboom|Knock Off|p1a: Hydreigon","|-resisted|p1a: Hydreigon","|-damage|p1a: Hydreigon|258\/325","|-enditem|p1a: Hydreigon|Choice Scarf|[from] move: Knock Off|[of] p2a: Rillaboom","|","|upkeep","|turn|8","|","|move|p1a: Hydreigon|Fire Blast|p2a: Rillaboom","|-supereffective|p2a: Rillaboom","|-damage|p2a: Rillaboom|86\/404","|move|p2a: Rillaboom|Drum Beating|p1a: Hydreigon","|-resisted|p1a: Hydreigon","|-damage|p1a: Hydreigon|136\/325","|-unboost|p1a: Hydreigon|spe|1","|","|-heal|p2a: Rillaboom|111\/404|[from] item: Leftovers","|upkeep","|turn|9","|","|move|p1a: Hydreigon|Dark Pulse|p2a: Rillaboom","|-damage|p2a: Rillaboom|0 fnt","|faint|p2a: Rillaboom","|","|upkeep","|","|switch|p2a: Cinderace|Cinderace, M|79\/302","|-status|p2a: Cinderace|psn","|turn|10","|","|move|p2a: Cinderace|Court Change|p2a: Cinderace","|-sideend9283|Toxic Spikes|[silent]","|-sidestart29625|Toxic Spikes|[silent]","|-activate|p2a: Cinderace|move: Court Change","|move|p1a: Hydreigon|Earth Power|p2a: Cinderace","|-supereffective|p2a: Cinderace","|-damage|p2a: Cinderace|0 fnt","|faint|p2a: Cinderace","|","|upkeep","|","|switch|p2a: Inteleon|Inteleon, F|281\/281","|turn|11","|","|move|p2a: Inteleon|Ice Beam|p1a: Hydreigon","|-supereffective|p1a: Hydreigon","|-damage|p1a: Hydreigon|0 fnt","|faint|p1a: Hydreigon","|","|upkeep","|","|switch|p1a: Toxapex|Toxapex, M|303\/303","|-sideend29625|move: Toxic Spikes|[of] p1a: Toxapex","|turn|12","|","|switch|p2a: Bisharp|Bisharp, M|271\/271","|move|p1a: Toxapex|Toxic Spikes|p2a: Bisharp","|-sidestart9283|move: Toxic Spikes","|","|upkeep","|turn|13","|","|move|p2a: Bisharp|Swords Dance|p2a: Bisharp","|-boost|p2a: Bisharp|atk|2","|move|p1a: Toxapex|Scald|p2a: Bisharp","|-damage|p2a: Bisharp|214\/271","|-status|p2a: Bisharp|brn","|","|-heal|p2a: Bisharp|230\/271 brn|[from] item: Leftovers","|-damage|p2a: Bisharp|214\/271 brn|[from] brn","|upkeep","|turn|14","|","|move|p2a: Bisharp|Swords Dance|p2a: Bisharp","|-boost|p2a: Bisharp|atk|2","|move|p1a: Toxapex|Scald|p2a: Bisharp","|-damage|p2a: Bisharp|162\/271 brn","|","|-heal|p2a: Bisharp|178\/271 brn|[from] item: Leftovers","|-damage|p2a: Bisharp|162\/271 brn|[from] brn","|upkeep","|turn|15","|","|move|p2a: Bisharp|Swords Dance|p2a: Bisharp","|-boost|p2a: Bisharp|atk|2","|move|p1a: Toxapex|Scald|p2a: Bisharp","|-damage|p2a: Bisharp|108\/271 brn","|","|-heal|p2a: Bisharp|124\/271 brn|[from] item: Leftovers","|-damage|p2a: Bisharp|108\/271 brn|[from] brn","|upkeep","|turn|16","|","|move|p2a: Bisharp|Iron Head|p1a: Toxapex","|-resisted|p1a: Toxapex","|-damage|p1a: Toxapex|228\/303","|cant|p1a: Toxapex|flinch","|","|-heal|p2a: Bisharp|124\/271 brn|[from] item: Leftovers","|-heal|p1a: Toxapex|246\/303|[from] item: Black Sludge","|-damage|p2a: Bisharp|108\/271 brn|[from] brn","|upkeep","|turn|17","|","|move|p1a: Toxapex|Baneful Bunker|p1a: Toxapex","|-singleturn|p1a: Toxapex|move: Protect","|move|p2a: Bisharp|Iron Head|p1a: Toxapex","|-activate|p1a: Toxapex|move: Protect","|","|-heal|p2a: Bisharp|124\/271 brn|[from] item: Leftovers","|-heal|p1a: Toxapex|264\/303|[from] item: Black Sludge","|-damage|p2a: Bisharp|108\/271 brn|[from] brn","|upkeep","|turn|18","|","|move|p2a: Bisharp|Iron Head|p1a: Toxapex","|-resisted|p1a: Toxapex","|-crit|p1a: Toxapex","|-damage|p1a: Toxapex|136\/303","|move|p1a: Toxapex|Scald|p2a: Bisharp","|-damage|p2a: Bisharp|54\/271 brn","|","|-heal|p2a: Bisharp|70\/271 brn|[from] item: Leftovers","|-heal|p1a: Toxapex|154\/303|[from] item: Black Sludge","|-damage|p2a: Bisharp|54\/271 brn|[from] brn","|upkeep","|turn|19","|","|move|p1a: Toxapex|Baneful Bunker|p1a: Toxapex","|-singleturn|p1a: Toxapex|move: Protect","|move|p2a: Bisharp|Iron Head|p1a: Toxapex","|-activate|p1a: Toxapex|move: Protect","|","|-heal|p2a: Bisharp|70\/271 brn|[from] item: Leftovers","|-heal|p1a: Toxapex|172\/303|[from] item: Black Sludge","|-damage|p2a: Bisharp|54\/271 brn|[from] brn","|upkeep","|turn|20","|","|move|p2a: Bisharp|Iron Head|p1a: Toxapex","|-resisted|p1a: Toxapex","|-damage|p1a: Toxapex|94\/303","|move|p1a: Toxapex|Recover|p1a: Toxapex","|-heal|p1a: Toxapex|246\/303","|","|-heal|p2a: Bisharp|70\/271 brn|[from] item: Leftovers","|-heal|p1a: Toxapex|264\/303|[from] item: Black Sludge","|-damage|p2a: Bisharp|54\/271 brn|[from] brn","|upkeep","|turn|21","|","|move|p1a: Toxapex|Baneful Bunker|p1a: Toxapex","|-singleturn|p1a: Toxapex|move: Protect","|move|p2a: Bisharp|Iron Head|p1a: Toxapex","|-activate|p1a: Toxapex|move: Protect","|","|-heal|p2a: Bisharp|70\/271 brn|[from] item: Leftovers","|-heal|p1a: Toxapex|282\/303|[from] item: Black Sludge","|-damage|p2a: Bisharp|54\/271 brn|[from] brn","|upkeep","|turn|22","|","|move|p2a: Bisharp|Iron Head|p1a: Toxapex","|-resisted|p1a: Toxapex","|-damage|p1a: Toxapex|199\/303","|move|p1a: Toxapex|Scald|p2a: Bisharp","|-damage|p2a: Bisharp|0 fnt","|faint|p2a: Bisharp","|","|-heal|p1a: Toxapex|217\/303|[from] item: Black Sludge","|upkeep","|-message|9283 forfeited.","|","|win|29625","|l|\u26069283","|raw|29625's rating: 1273 &rarr; <strong>1299<\/strong><br \/>(+26 for winning)","|raw|9283's rating: 1279 &rarr; <strong>1254<\/strong><br \/>(-25 for losing)",""],"p1":"29625","p1rating":1273,"p1team":[{"ability":"regenerator","evs":{"atk":0,"def":252,"hp":248,"spa":0,"spd":8,"spe":0},"happiness":160,"item":"blacksludge","ivs":{"atk":0,"def":31,"hp":31,"spa":31,"spd":31,"spe":31},"level":100,"moves":["toxicspikes","banefulbunker","scald","recover"],"name":"Toxapex","nature":"Bold","species":"Toxapex"},{"ability":"blaze","evs":{"atk":252,"def":0,"hp":0,"spa":0,"spd":4,"spe":252},"happiness":160,"item":"heavydutyboots","ivs":{"atk":31,"def":31,"hp":31,"spa":31,"spd":31,"spe":31},"level":100,"moves":["courtchange","pyroball","uturn","suckerpunch"],"name":"Cinderace","nature":"Jolly","species":"Cinderace"},{"ability":"pressure","evs":{"atk":0,"def":36,"hp":248,"spa":0,"spd":136,"spe":88},"happiness":160,"item":"leftovers","ivs":{"atk":31,"def":31,"hp":31,"spa":31,"spd":31,"spe":31},"level":100,"moves":["bulkup","roost","bravebird","substitute"],"name":"Corviknight","nature":"Careful","species":"Corviknight"},{"ability":"infiltrator","evs":{"atk":0,"def":0,"hp":0,"spa":252,"spd":4,"spe":252},"happiness":160,"item":"choicespecs","ivs":{"atk":31,"def":31,"hp":31,"spa":31,"spd":31,"spe":31},"level":100,"moves":["dracometeor","fireblast","uturn","shadowball"],"name":"Dragapult","nature":"Timid","species":"Dragapult"},{"ability":"moldbreaker","evs":{"atk":252,"def":0,"hp":0,"spa":0,"spd":4,"spe":252},"happiness":160,"item":"focussash","ivs":{"atk":31,"def":31,"hp":31,"spa":31,"spd":31,"spe":31},"level":100,"moves":["rapidspin","earthquake","ironhead","stealthrock"],"name":"Excadrill","nature":"Jolly","species":"Excadrill"},{"ability":"levitate","evs":{"atk":0,"def":0,"hp":0,"spa":252,"spd":4,"spe":252},"happiness":160,"item":"choicescarf","ivs":{"atk":0,"def":31,"hp":31,"spa":31,"spd":31,"spe":31},"level":100,"moves":["dracometeor","darkpulse","fireblast","earthpower"],"name":"Hydreigon","nature":"Timid","species":"Hydreigon"}],"p2":"9283","p2rating":1279,"p2team":[{"ability":"torrent","evs":{"atk":4,"def":0,"hp":0,"spa":252,"spd":0,"spe":252},"happiness":160,"item":"focussash","ivs":{"atk":31,"def":31,"hp":31,"spa":31,"spd":31,"spe":31},"level":100,"moves":["scald","icebeam","shadowball","suckerpunch"],"name":"Inteleon","nature":"Hasty","species":"Inteleon"},{"ability":"blaze","evs":{"atk":252,"def":0,"hp":4,"spa":0,"spd":0,"spe":252},"happiness":160,"item":"lifeorb","ivs":{"atk":31,"def":31,"hp":31,"spa":31,"spd":31,"spe":31},"level":100,"moves":["pyroball","uturn","courtchange","gunkshot"],"name":"Cinderace","nature":"Jolly","species":"Cinderace"},{"ability":"overgrow","evs":{"atk":252,"def":4,"hp":252,"spa":0,"spd":0,"spe":0},"happiness":160,"item":"leftovers","ivs":{"atk":31,"def":31,"hp":31,"spa":31,"spd":31,"spe":31},"level":100,"moves":["knockoff","uturn","drumbeating","earthquake"],"name":"Rillaboom","nature":"Adamant","species":"Rillaboom"},{"ability":"innerfocus","evs":{"atk":252,"def":4,"hp":0,"spa":0,"spd":252,"spe":0},"happiness":160,"item":"leftovers","ivs":{"atk":31,"def":31,"hp":31,"spa":31,"spd":31,"spe":31},"level":100,"moves":["brickbreak","suckerpunch","swordsdance","ironhead"],"name":"Bisharp","nature":"Adamant","species":"Bisharp"},{"ability":"infiltrator","evs":{"atk":0,"def":0,"hp":0,"spa":252,"spd":4,"spe":252},"happiness":160,"item":"choicespecs","ivs":{"atk":0,"def":31,"hp":31,"spa":31,"spd":31,"spe":31},"level":100,"moves":["thunderbolt","shadowball","dracometeor","fireblast"],"name":"Dragapult","nature":"Timid","species":"Dragapult"},{"ability":"prankster","evs":{"atk":252,"def":136,"hp":0,"spa":0,"spd":120,"spe":0},"gender":"M","happiness":160,"item":"lifeorb","ivs":{"atk":31,"def":31,"hp":31,"spa":31,"spd":31,"spe":31},"level":100,"moves":["drainpunch","suckerpunch","spiritbreak","bulkup"],"name":"Grimmsnarl","nature":"Adamant","species":"Grimmsnarl"}],"roomid":102327,"score":[5,2],"seed":[8723,33170,58064,30072],"timestamp":"Mon Dec 30 2019 08:XX","turns":22,"winner":"29625","rated_battle":true,"average_rating":1276}