{"endType":"forfeit","format":"gen8ou","inputLog":[">version aa9f8c6b9cf4eca780a1296832ecd3b0009641e0",">version-origin 5e8529faaa5905c5f8e15eafaaefa806ee8c7d06",">start {\"formatid\":\"gen8ou\",\"seed\":[62550,22711,54967,64671],\"rated\":\"Rated battle\"}",">player p1 {\"\"name\":\"2700\",\"rating\":1240}",">player p2 {\"\"name\":\"25918\",\"rating\":1182}",">p1 team 3, 2, 1, 4, 5, 6",">p2 team 3, 2, 1, 4, 5, 6",">p1 move earthquake",">p2 move uturn",">p2 switch 3",">p1 move stealthrock",">p2 move leechseed",">p1 move rapidspin",">p2 move knockoff",">p1 move earthquake",">p2 move powerwhip",">p1 switch 4",">p1 move substitute",">p2 switch 2",">p1 move nastyplot",">p2 move crunch",">p1 move nastyplot",">p2 move crunch",">p1 move substitute",">p2 move thunderwave",">p1 move nastyplot",">p2 switch 2",">p1 move darkpulse",">p2 move knockoff",">p2 switch 6",">p1 move flashcannon",">p2 move hypervoice",">p2 switch 4",">p1 move darkpulse",">p2 move waterfall",">p2 switch 3",">p1 move darkpulse",">p2 move highjumpkick",">p2 switch 5",">p1 move darkpulse",">p2 move dracometeor"],"log":["|j|\u26062700","|j|\u260625918","|player|p1|2700|ghetsis|1240","|player|p2|25918|170|1182","|teamsize|p1|6","|teamsize|p2|6","|gametype|singles","|gen|8","|tier|[Gen 8] OU","|rated|","|rule|Sleep Clause Mod: Limit one foe put to sleep","|rule|Species Clause: Limit one of each Pok\u00e9mon","|rule|OHKO Clause: OHKO moves are banned","|rule|Evasion Moves Clause: Evasion moves are banned","|rule|Endless Battle Clause: Forcing endless battles is banned","|rule|HP Percentage Mod: HP is shown in percentages","|clearpoke","|poke|p1|Darmanitan-Galar, F|","|poke|p1|Mimikyu, M|","|poke|p1|Excadrill, F|","|poke|p1|Hydreigon, M|","|poke|p1|Ditto|","|poke|p1|Clefable, F|","|poke|p2|Ferrothorn, M|","|poke|p2|Tyranitar, M|","|poke|p2|Cinderace, F|","|poke|p2|Gyarados, M|","|poke|p2|Dragapult, M|","|poke|p2|Sylveon, M|","|rule|Dynamax Clause: You cannot dynamax","|teampreview","|","|start","|switch|p1a: Excadrill|Excadrill, F|362\/362","|switch|p2a: Cinderace|Cinderace, F|301\/301","|-ability|p1a: Excadrill|Mold Breaker","|turn|1","|","|move|p2a: Cinderace|U-turn|p1a: Excadrill","|-resisted|p1a: Excadrill","|-damage|p1a: Excadrill|299\/362","|","|switch|p2a: Ferrothorn|Ferrothorn, M|351\/351","|move|p1a: Excadrill|Earthquake|p2a: Ferrothorn","|-damage|p2a: Ferrothorn|237\/351","|","|upkeep","|turn|2","|","|move|p1a: Excadrill|Stealth Rock|p2a: Ferrothorn","|-sidestart25918|move: Stealth Rock","|move|p2a: Ferrothorn|Leech Seed|p1a: Excadrill","|-start|p1a: Excadrill|move: Leech Seed","|","|-damage|p1a: Excadrill|254\/362|[from] Leech Seed|[of] p2a: Ferrothorn","|-heal|p2a: Ferrothorn|282\/351|[silent]","|upkeep","|turn|3","|","|move|p1a: Excadrill|Rapid Spin|p2a: Ferrothorn","|-resisted|p2a: Ferrothorn","|-damage|p2a: Ferrothorn|264\/351","|-damage|p1a: Excadrill|209\/362|[from] ability: Iron Barbs|[of] p2a: Ferrothorn","|-damage|p1a: Excadrill|149\/362|[from] item: Rocky Helmet|[of] p2a: Ferrothorn","|-end|p1a: Excadrill|Leech Seed|[from] move: Rapid Spin|[of] p1a: Excadrill","|-boost|p1a: Excadrill|spe|1","|move|p2a: Ferrothorn|Knock Off|p1a: Excadrill","|-damage|p1a: Excadrill|29\/362","|-enditem|p1a: Excadrill|Focus Sash|[from] move: Knock Off|[of] p2a: Ferrothorn","|","|upkeep","|turn|4","|","|move|p1a: Excadrill|Earthquake|p2a: Ferrothorn","|-damage|p2a: Ferrothorn|147\/351","|move|p2a: Ferrothorn|Power Whip|p1a: Excadrill","|-damage|p1a: Excadrill|0 fnt","|faint|p1a: Excadrill","|","|upkeep","|","|switch|p1a: Hydreigon|Hydreigon, M|326\/326","|turn|5","|","|switch|p2a: Tyranitar|Tyranitar, M|404\/404","|-damage|p2a: Tyranitar|354\/404|[from] Stealth Rock","|-weather|Sandstorm|[from] ability: Sand Stream|[of] p2a: Tyranitar","|move|p1a: Hydreigon|Substitute|p1a: Hydreigon","|-start|p1a: Hydreigon|Substitute","|-damage|p1a: Hydreigon|245\/326","|","|-weather|Sandstorm|[upkeep]","|-damage|p1a: Hydreigon|225\/326|[from] Sandstorm","|-heal|p1a: Hydreigon|245\/326|[from] item: Leftovers","|-heal|p2a: Tyranitar|379\/404|[from] item: Leftovers","|upkeep","|turn|6","|","|move|p1a: Hydreigon|Nasty Plot|p1a: Hydreigon","|-boost|p1a: Hydreigon|spa|2","|move|p2a: Tyranitar|Crunch|p1a: Hydreigon","|-resisted|p1a: Hydreigon","|-activate|p1a: Hydreigon|move: Substitute|[damage]","|","|-weather|Sandstorm|[upkeep]","|-damage|p1a: Hydreigon|225\/326|[from] Sandstorm","|-heal|p1a: Hydreigon|245\/326|[from] item: Leftovers","|-heal|p2a: Tyranitar|404\/404|[from] item: Leftovers","|upkeep","|turn|7","|","|move|p1a: Hydreigon|Nasty Plot|p1a: Hydreigon","|-boost|p1a: Hydreigon|spa|2","|move|p2a: Tyranitar|Crunch|p1a: Hydreigon","|-resisted|p1a: Hydreigon","|-end|p1a: Hydreigon|Substitute","|","|-weather|Sandstorm|[upkeep]","|-damage|p1a: Hydreigon|225\/326|[from] Sandstorm","|-heal|p1a: Hydreigon|245\/326|[from] item: Leftovers","|upkeep","|turn|8","|","|move|p1a: Hydreigon|Substitute|p1a: Hydreigon","|-start|p1a: Hydreigon|Substitute","|-damage|p1a: Hydreigon|164\/326","|move|p2a: Tyranitar|Thunder Wave||[still]","|-fail|p2a: Tyranitar","|","|-weather|Sandstorm|[upkeep]","|-damage|p1a: Hydreigon|144\/326|[from] Sandstorm","|-heal|p1a: Hydreigon|164\/326|[from] item: Leftovers","|upkeep","|turn|9","|","|switch|p2a: Ferrothorn|Ferrothorn, M|147\/351","|-damage|p2a: Ferrothorn|126\/351|[from] Stealth Rock","|move|p1a: Hydreigon|Nasty Plot|p1a: Hydreigon","|-boost|p1a: Hydreigon|spa|2","|","|-weather|none","|-heal|p1a: Hydreigon|184\/326|[from] item: Leftovers","|upkeep","|turn|10","|","|move|p1a: Hydreigon|Dark Pulse|p2a: Ferrothorn","|-damage|p2a: Ferrothorn|0 fnt","|faint|p2a: Ferrothorn","|","|-heal|p1a: Hydreigon|204\/326|[from] item: Leftovers","|upkeep","|","|switch|p2a: Sylveon|Sylveon, M|394\/394","|-damage|p2a: Sylveon|345\/394|[from] Stealth Rock","|turn|11","|","|move|p1a: Hydreigon|Flash Cannon|p2a: Sylveon","|-supereffective|p2a: Sylveon","|-damage|p2a: Sylveon|0 fnt","|faint|p2a: Sylveon","|","|-heal|p1a: Hydreigon|224\/326|[from] item: Leftovers","|upkeep","|","|switch|p2a: Gyarados|Gyarados, M|331\/331","|-damage|p2a: Gyarados|249\/331|[from] Stealth Rock","|-ability|p2a: Gyarados|Intimidate|boost","|-immune|p1a: Hydreigon","|turn|12","|","|move|p1a: Hydreigon|Dark Pulse|p2a: Gyarados","|-damage|p2a: Gyarados|0 fnt","|faint|p2a: Gyarados","|","|-heal|p1a: Hydreigon|244\/326|[from] item: Leftovers","|upkeep","|","|switch|p2a: Cinderace|Cinderace, F|301\/301","|turn|13","|","|move|p2a: Cinderace|High Jump Kick|p1a: Hydreigon","|-supereffective|p1a: Hydreigon","|-end|p1a: Hydreigon|Substitute","|move|p1a: Hydreigon|Dark Pulse|p2a: Cinderace","|-damage|p2a: Cinderace|0 fnt","|faint|p2a: Cinderace","|","|-heal|p1a: Hydreigon|264\/326|[from] item: Leftovers","|upkeep","|","|switch|p2a: Dragapult|Dragapult, M|317\/317","|-damage|p2a: Dragapult|278\/317|[from] Stealth Rock","|turn|14","|","|move|p2a: Dragapult|Draco Meteor|p1a: Hydreigon|[miss]","|-miss|p2a: Dragapult|p1a: Hydreigon","|move|p1a: Hydreigon|Dark Pulse|p2a: Dragapult","|-supereffective|p2a: Dragapult","|-damage|p2a: Dragapult|0 fnt","|faint|p2a: Dragapult","|","|-heal|p1a: Hydreigon|284\/326|[from] item: Leftovers","|upkeep","|-message|25918 forfeited.","|","|win|2700","|l|\u260625918","|raw|Bergam&apos;s's rating: 1215 &rarr; <strong>1237<\/strong><br \/>(+22 for winning)","|raw|25918's rating: 1182 &rarr; <strong>1160<\/strong><br \/>(-22 for losing)",""],"p1":"2700","p1rating":1240,"p1team":[{"ability":"gorillatactics","evs":{"atk":252,"def":0,"hp":4,"spa":0,"spd":0,"spe":252},"happiness":160,"item":"choicescarf","ivs":{"atk":31,"def":31,"hp":31,"spa":31,"spd":31,"spe":31},"level":100,"moves":["firepunch","uturn","icepunch","earthquake"],"name":"Darmanitan","nature":"Jolly","species":"darmanitangalar"},{"ability":"disguise","evs":{"atk":252,"def":0,"hp":0,"spa":0,"spd":252,"spe":4},"happiness":160,"item":"lifeorb","ivs":{"atk":31,"def":31,"hp":31,"spa":31,"spd":31,"spe":31},"level":100,"moves":["shadowsneak","playrough","swordsdance","shadowclaw"],"name":"Mimikyu","nature":"Adamant","species":"Mimikyu"},{"ability":"moldbreaker","evs":{"atk":252,"def":0,"hp":4,"spa":0,"spd":0,"spe":252},"happiness":160,"item":"focussash","ivs":{"atk":31,"def":31,"hp":31,"spa":31,"spd":31,"spe":31},"level":100,"moves":["earthquake","stealthrock","rocktomb","rapidspin"],"name":"Excadrill","nature":"Jolly","species":"Excadrill"},{"ability":"levitate","evs":{"atk":0,"def":0,"hp":4,"spa":252,"spd":0,"spe":252},"happiness":160,"item":"leftovers","ivs":{"atk":0,"def":31,"hp":31,"spa":31,"spd":31,"spe":31},"level":100,"moves":["nastyplot","darkpulse","substitute","flashcannon"],"name":"Hydreigon","nature":"Modest","species":"Hydreigon"},{"ability":"imposter","evs":{"atk":4,"def":0,"hp":252,"spa":0,"spd":0,"spe":252},"gender":"N","happiness":160,"item":"choicescarf","ivs":{"atk":0,"def":31,"hp":31,"spa":31,"spd":31,"spe":31},"level":100,"moves":["transform"],"name":"Ditto","nature":"Hasty","species":"Ditto"},{"ability":"magicguard","evs":{"atk":0,"def":0,"hp":192,"spa":252,"spd":0,"spe":64},"happiness":160,"item":"lifeorb","ivs":{"atk":0,"def":31,"hp":31,"spa":31,"spd":31,"spe":31},"level":100,"moves":["flamethrower","moonblast","moonlight","thunderbolt"],"name":"Clefable","nature":"Modest","species":"Clefable"}],"p2":"25918","p2rating":1182,"p2team":[{"ability":"ironbarbs","evs":{"atk":8,"def":252,"hp":248,"spa":0,"spd":0,"spe":0},"happiness":160,"item":"rockyhelmet","ivs":{"atk":31,"def":31,"hp":31,"spa":31,"spd":31,"spe":31},"level":100,"moves":["knockoff","leechseed","powerwhip","spikes"],"name":"Ferrothorn","nature":"Impish","species":"Ferrothorn"},{"ability":"sandstream","evs":{"atk":52,"def":0,"hp":252,"spa":0,"spd":204,"spe":0},"happiness":160,"item":"leftovers","ivs":{"atk":31,"def":31,"hp":31,"spa":31,"spd":31,"spe":31},"level":100,"moves":["earthquake","crunch","thunderwave","stealthrock"],"name":"Tyranitar","nature":"Brave","species":"Tyranitar"},{"ability":"blaze","evs":{"atk":252,"def":0,"hp":0,"spa":0,"spd":4,"spe":252},"happiness":160,"item":"heavydutyboots","ivs":{"atk":31,"def":31,"hp":31,"spa":31,"spd":31,"spe":31},"level":100,"moves":["uturn","pyroball","highjumpkick","zenheadbutt"],"name":"Cinderace","nature":"Jolly","species":"Cinderace"},{"ability":"intimidate","evs":{"atk":252,"def":0,"hp":0,"spa":0,"spd":4,"spe":252},"happiness":160,"item":"lumberry","ivs":{"atk":31,"def":31,"hp":31,"spa":31,"spd":31,"spe":31},"level":100,"moves":["dragondance","bounce","waterfall","earthquake"],"name":"Gyarados","nature":"Adamant","species":"Gyarados"},{"ability":"infiltrator","evs":{"atk":0,"def":0,"hp":0,"spa":252,"spd":4,"spe":252},"happiness":160,"item":"choicespecs","ivs":{"atk":0,"def":31,"hp":31,"spa":31,"spd":31,"spe":31},"level":100,"moves":["dracometeor","shadowball","flamethrower","thunderbolt"],"name":"Dragapult","nature":"Timid","species":"Dragapult"},{"ability":"pixilate","evs":{"atk":0,"def":240,"hp":252,"spa":0,"spd":16,"spe":0},"happiness":160,"item":"leftovers","ivs":{"atk":0,"def":31,"hp":31,"spa":31,"spd":31,"spe":31},"level":100,"moves":["hypervoice","wish","protect","mysticalfire"],"name":"Sylveon","nature":"Calm","species":"Sylveon"}],"roomid":1017032,"score":[5,1],"seed":[62550,22711,54967,64671],"timestamp":"Sat Dec 28 2019 20:XX","turns":14,"winner":"2700","rated_battle":true,"average_rating":1211}