{"endType":"forfeit","format":"gen8ou","inputLog":[">version aa9f8c6b9cf4eca780a1296832ecd3b0009641e0",">version-origin 5e8529faaa5905c5f8e15eafaaefa806ee8c7d06",">start {\"formatid\":\"gen8ou\",\"seed\":[6658,31884,56600,37587],\"rated\":\"Rated battle\"}",">player p1 {\"\"name\":\"30000\",\"rating\":1788}",">player p2 {\"\"name\":\"29220\",\"rating\":1797}",">p1 team 2, 1, 3, 4, 5, 6",">p2 team 3, 2, 1, 4, 5, 6",">p1 move taunt",">p2 switch 2",">p1 switch 6",">p2 move crabhammer",">p1 move uturn",">p2 move knockoff",">p1 switch 5",">p1 move toxic",">p2 move swordsdance",">p1 move banefulbunker",">p2 move knockoff",">p1 switch 3",">p2 move knockoff",">p1 switch 6",">p1 move aquajet",">p2 move aquajet",">p2 switch 2",">p1 move aquajet",">p2 move stealthrock",">p1 move scald",">p2 move taunt",">p1 move scald",">p2 move selfdestruct",">p2 switch 4",">p1 move scald",">p2 move swordsdance",">p1 move scald",">p2 move earthquake",">p1 switch 3",">p1 move earthquake",">p2 switch 3",">p1 switch 4",">p2 move swordsdance",">p1 move knockoff",">p2 move ironhead",">p2 switch 6",">p1 move knockoff",">p2 move dragondarts",">p1 switch 4",">p1 move dragondarts",">p2 move dragondarts",">p2 switch 5",">p1 switch 2",">p2 move throatchop",">p1 switch 2",">p1 move throatchop",">p2 move swordsdance",">p1 move throatchop",">p2 move suckerpunch"],"log":["|j|\u260630000","|j|\u260629220","|player|p1|30000|richboy-gen3|1788","|player|p2|29220|ethan|1797","|teamsize|p1|6","|teamsize|p2|6","|gametype|singles","|gen|8","|tier|[Gen 8] OU","|rated|","|rule|Sleep Clause Mod: Limit one foe put to sleep","|rule|Species Clause: Limit one of each Pok\u00e9mon","|rule|OHKO Clause: OHKO moves are banned","|rule|Evasion Moves Clause: Evasion moves are banned","|rule|Endless Battle Clause: Forcing endless battles is banned","|rule|HP Percentage Mod: HP is shown in percentages","|clearpoke","|poke|p1|Dugtrio, M|","|poke|p1|Ditto|","|poke|p1|Reuniclus, F|","|poke|p1|Mandibuzz, F|","|poke|p1|Toxapex, M|","|poke|p1|Corviknight, M|","|poke|p2|Aegislash, M|","|poke|p2|Crawdaunt, M|","|poke|p2|Mew|","|poke|p2|Lucario, F|","|poke|p2|Bisharp, M|","|poke|p2|Dragapult, M|","|rule|Dynamax Clause: You cannot dynamax","|teampreview","|j| epsilon_xd","|j| Respectable Girth","|j| hero","|j| Light chanseyy","|l| Respectable Girth","|","|start","|switch|p1a: Ditto|Ditto|300\/300","|switch|p2a: Mew|Mew|404\/404","|-transform|p1a: Ditto|p2a: Mew|[from] ability: Imposter","|turn|1","|","|switch|p2a: Crawdaunt|Crawdaunt, M|267\/267","|move|p1a: Ditto|Taunt|p2a: Crawdaunt","|-start|p2a: Crawdaunt|move: Taunt","|","|upkeep","|turn|2","|","|switch|p1a: Corviknight|Corviknight, M|400\/400","|-ability|p1a: Corviknight|Pressure","|move|p2a: Crawdaunt|Crabhammer|p1a: Corviknight","|-damage|p1a: Corviknight|75\/400","|-damage|p2a: Crawdaunt|241\/267|[from] item: Life Orb","|","|-heal|p1a: Corviknight|100\/400|[from] item: Leftovers","|upkeep","|turn|3","|","|move|p2a: Crawdaunt|Knock Off|p1a: Corviknight","|-damage|p1a: Corviknight|0 fnt","|-enditem|p1a: Corviknight|Leftovers|[from] move: Knock Off|[of] p2a: Crawdaunt","|-damage|p2a: Crawdaunt|215\/267|[from] item: Life Orb","|faint|p1a: Corviknight","|","|-end|p2a: Crawdaunt|move: Taunt","|upkeep","|","|switch|p1a: Toxapex|Toxapex, M|304\/304","|turn|4","|","|move|p2a: Crawdaunt|Swords Dance|p2a: Crawdaunt","|-boost|p2a: Crawdaunt|atk|2","|move|p1a: Toxapex|Toxic|p2a: Crawdaunt","|-status|p2a: Crawdaunt|tox","|","|-damage|p2a: Crawdaunt|199\/267 tox|[from] psn","|upkeep","|turn|5","|","|move|p1a: Toxapex|Baneful Bunker|p1a: Toxapex","|-singleturn|p1a: Toxapex|move: Protect","|move|p2a: Crawdaunt|Knock Off|p1a: Toxapex","|-activate|p1a: Toxapex|move: Protect","|","|-damage|p2a: Crawdaunt|167\/267 tox|[from] psn","|upkeep","|turn|6","|","|switch|p1a: Reuniclus|Reuniclus, F|416\/416","|move|p2a: Crawdaunt|Knock Off|p1a: Reuniclus","|-supereffective|p1a: Reuniclus","|-damage|p1a: Reuniclus|0 fnt","|-enditem|p1a: Reuniclus|Leftovers|[from] move: Knock Off|[of] p2a: Crawdaunt","|-damage|p2a: Crawdaunt|141\/267 tox|[from] item: Life Orb","|faint|p1a: Reuniclus","|","|-damage|p2a: Crawdaunt|93\/267 tox|[from] psn","|upkeep","|","|switch|p1a: Ditto|Ditto|300\/300","|-transform|p1a: Ditto|p2a: Crawdaunt|[from] ability: Imposter","|turn|7","|","|move|p1a: Ditto|Aqua Jet|p2a: Crawdaunt","|-resisted|p2a: Crawdaunt","|-damage|p2a: Crawdaunt|0 fnt","|faint|p2a: Crawdaunt","|","|upkeep","|j| toxicrokas","|","|switch|p2a: Mew|Mew|404\/404","|turn|8","|","|move|p1a: Ditto|Aqua Jet|p2a: Mew","|-damage|p2a: Mew|206\/404","|-enditem|p2a: Mew|Red Card|[of] p1a: Ditto","|drag|p1a: Toxapex|Toxapex, M|304\/304","|move|p2a: Mew|Stealth Rock|p1a: Toxapex","|-sidestart30000|move: Stealth Rock","|","|upkeep","|turn|9","|j| Balavoine \u2655","|","|move|p2a: Mew|Taunt|p1a: Toxapex","|-start|p1a: Toxapex|move: Taunt","|move|p1a: Toxapex|Scald|p2a: Mew","|-damage|p2a: Mew|163\/404","|-status|p2a: Mew|brn","|-activate|p2a: Mew|ability: Synchronize","|-status|p1a: Toxapex|brn","|","|-damage|p2a: Mew|138\/404 brn|[from] brn","|-damage|p1a: Toxapex|285\/304 brn|[from] brn","|upkeep","|turn|10","|","|move|p2a: Mew|Self-Destruct|p1a: Toxapex","|-crit|p1a: Toxapex","|-damage|p1a: Toxapex|222\/304 brn","|faint|p2a: Mew","|move|p1a: Toxapex|Scald|p2: Mew|[notarget]","|-fail|p1a: Toxapex","|","|-heal|p1a: Toxapex|241\/304 brn|[from] item: Black Sludge","|-damage|p1a: Toxapex|222\/304 brn|[from] brn","|upkeep","|","|switch|p2a: Lucario|Lucario, F|281\/281","|turn|11","|","|move|p2a: Lucario|Swords Dance|p2a: Lucario","|-boost|p2a: Lucario|atk|2","|move|p1a: Toxapex|Scald|p2a: Lucario","|-damage|p2a: Lucario|211\/281","|","|-heal|p1a: Toxapex|241\/304 brn|[from] item: Black Sludge","|-damage|p1a: Toxapex|222\/304 brn|[from] brn","|-end|p1a: Toxapex|move: Taunt","|upkeep","|turn|12","|","|move|p2a: Lucario|Earthquake|p1a: Toxapex","|-supereffective|p1a: Toxapex","|-damage|p1a: Toxapex|0 fnt","|-damage|p2a: Lucario|183\/281|[from] item: Life Orb","|faint|p1a: Toxapex","|","|upkeep","|","|switch|p1a: Ditto|Ditto|300\/300","|-damage|p1a: Ditto|263\/300|[from] Stealth Rock","|-transform|p1a: Ditto|p2a: Lucario|[from] ability: Imposter","|turn|13","|j| dynamax etu","|j| zzs is my goddess","|","|switch|p2a: Aegislash|Aegislash, M|271\/271","|-item|p2a: Aegislash|Air Balloon","|move|p1a: Ditto|Earthquake|p2a: Aegislash","|-immune|p2a: Aegislash","|","|upkeep","|turn|14","|","|switch|p1a: Mandibuzz|Mandibuzz, F|424\/424","|move|p2a: Aegislash|Swords Dance|p2a: Aegislash","|-boost|p2a: Aegislash|atk|2","|","|upkeep","|turn|15","|j| Starplatinum01","|","|-formechange|p2a: Aegislash|Aegislash-Blade||[from] ability: Stance Change","|move|p2a: Aegislash|Iron Head|p1a: Mandibuzz","|-damage|p1a: Mandibuzz|112\/424","|move|p1a: Mandibuzz|Knock Off|p2a: Aegislash","|-supereffective|p2a: Aegislash","|-damage|p2a: Aegislash|0 fnt","|-enditem|p2a: Aegislash|Air Balloon","|faint|p2a: Aegislash","|","|upkeep","|j| Milky Sausage","|","|switch|p2a: Dragapult|Dragapult, M|318\/318","|turn|16","|","|move|p2a: Dragapult|Dragon Darts|p1a: Mandibuzz","|-damage|p1a: Mandibuzz|36\/424","|-damage|p1a: Mandibuzz|0 fnt","|-hitcount|p1a: Mandibuzz|2","|faint|p1a: Mandibuzz","|","|upkeep","|","|switch|p1a: Ditto|Ditto|263\/300","|-damage|p1a: Ditto|226\/300|[from] Stealth Rock","|-transform|p1a: Ditto|p2a: Dragapult|[from] ability: Imposter","|turn|17","|","|move|p1a: Ditto|Dragon Darts|p2a: Dragapult","|-supereffective|p2a: Dragapult","|-damage|p2a: Dragapult|94\/318","|-supereffective|p2a: Dragapult","|-damage|p2a: Dragapult|0 fnt","|-hitcount|p2a: Dragapult|2","|faint|p2a: Dragapult","|","|upkeep","|","|switch|p2a: Bisharp|Bisharp, M|279\/279","|turn|18","|","|switch|p1a: Dugtrio|Dugtrio, M|211\/211","|-damage|p1a: Dugtrio|198\/211|[from] Stealth Rock","|move|p2a: Bisharp|Throat Chop|p1a: Dugtrio","|-damage|p1a: Dugtrio|0 fnt","|-damage|p2a: Bisharp|252\/279|[from] item: Life Orb","|faint|p1a: Dugtrio","|","|upkeep","|j| GenericAlcremie","|","|switch|p1a: Ditto|Ditto|226\/300","|-damage|p1a: Ditto|189\/300|[from] Stealth Rock","|-transform|p1a: Ditto|p2a: Bisharp|[from] ability: Imposter","|turn|19","|","|move|p1a: Ditto|Throat Chop|p2a: Bisharp","|-resisted|p2a: Bisharp","|-damage|p2a: Bisharp|178\/279","|-start|p2a: Bisharp|Throat Chop|[silent]","|move|p2a: Bisharp|Swords Dance|p2a: Bisharp","|-boost|p2a: Bisharp|atk|2","|","|upkeep","|turn|20","|","|move|p2a: Bisharp|Sucker Punch|p1a: Ditto","|-resisted|p1a: Ditto","|-damage|p1a: Ditto|37\/300","|-damage|p2a: Bisharp|151\/279|[from] item: Life Orb","|move|p1a: Ditto|Throat Chop|p2a: Bisharp","|-resisted|p2a: Bisharp","|-damage|p2a: Bisharp|85\/279","|","|-end|p2a: Bisharp|Throat Chop|[silent]","|upkeep","|turn|21","|-message|30000 forfeited.","|","|win|29220","|l|\u260630000","|j| allyats","|raw|30000's rating: 1788 &rarr; <strong>1768<\/strong><br \/>(-20 for losing)","|raw|29220's rating: 1797 &rarr; <strong>1816<\/strong><br \/>(+19 for winning)",""],"p1":"30000","p1rating":1788,"p1team":[{"ability":"arenatrap","evs":{"atk":252,"def":0,"hp":0,"spa":0,"spd":4,"spe":252},"gender":"M","happiness":160,"item":"focussash","ivs":{"atk":31,"def":31,"hp":31,"spa":31,"spd":31,"spe":31},"level":100,"moves":["earthquake","reversal","screech","stealthrock"],"name":"Dugtrio","nature":"Jolly","species":"Dugtrio"},{"ability":"imposter","evs":{"atk":4,"def":252,"hp":252,"spa":0,"spd":0,"spe":0},"gender":"N","happiness":160,"item":"choicescarf","ivs":{"atk":0,"def":31,"hp":31,"spa":31,"spd":31,"spe":0},"level":100,"moves":["transform"],"name":"Ditto","nature":"Relaxed","species":"Ditto"},{"ability":"magicguard","evs":{"atk":0,"def":232,"hp":220,"spa":0,"spd":0,"spe":56},"gender":"F","happiness":160,"item":"leftovers","ivs":{"atk":0,"def":31,"hp":31,"spa":31,"spd":31,"spe":31},"level":100,"moves":["calmmind","psychic","thunder","recover"],"name":"Reuniclus","nature":"Bold","species":"Reuniclus"},{"ability":"overcoat","evs":{"atk":0,"def":0,"hp":252,"spa":0,"spd":252,"spe":4},"gender":"F","happiness":160,"item":"heavydutyboots","ivs":{"atk":31,"def":31,"hp":31,"spa":31,"spd":31,"spe":31},"level":100,"moves":["taunt","roost","toxic","knockoff"],"name":"Mandibuzz","nature":"Careful","species":"Mandibuzz"},{"ability":"regenerator","evs":{"atk":0,"def":120,"hp":252,"spa":0,"spd":128,"spe":8},"gender":"M","happiness":160,"item":"blacksludge","ivs":{"atk":0,"def":31,"hp":31,"spa":31,"spd":31,"spe":31},"level":100,"moves":["scald","banefulbunker","toxic","recover"],"name":"Toxapex","nature":"Bold","species":"Toxapex"},{"ability":"pressure","evs":{"atk":0,"def":0,"hp":252,"spa":0,"spd":252,"spe":4},"gender":"M","happiness":160,"item":"leftovers","ivs":{"atk":31,"def":31,"hp":31,"spa":31,"spd":31,"spe":31},"level":100,"moves":["taunt","defog","roost","uturn"],"name":"Corviknight","nature":"Careful","species":"Corviknight"}],"p2":"29220","p2rating":1797,"p2team":[{"ability":"stancechange","evs":{"atk":252,"def":0,"hp":40,"spa":0,"spd":0,"spe":216},"happiness":160,"item":"airballoon","ivs":{"atk":31,"def":31,"hp":31,"spa":31,"spd":31,"spe":31},"level":100,"moves":["ironhead","closecombat","shadowsneak","swordsdance"],"name":"Aegislash","nature":"Adamant","species":"Aegislash"},{"ability":"adaptability","evs":{"atk":252,"def":4,"hp":0,"spa":0,"spd":0,"spe":252},"happiness":160,"item":"lifeorb","ivs":{"atk":31,"def":31,"hp":31,"spa":31,"spd":31,"spe":31},"level":100,"moves":["knockoff","crabhammer","aquajet","swordsdance"],"name":"Crawdaunt","nature":"Adamant","species":"Crawdaunt"},{"ability":"synchronize","evs":{"atk":4,"def":0,"hp":252,"spa":0,"spd":252,"spe":0},"gender":"N","happiness":160,"item":"redcard","ivs":{"atk":31,"def":31,"hp":31,"spa":31,"spd":31,"spe":31},"level":100,"moves":["taunt","stealthrock","skillswap","selfdestruct"],"name":"Mew","nature":"Careful","species":"Mew"},{"ability":"justified","evs":{"atk":252,"def":0,"hp":0,"spa":0,"spd":4,"spe":252},"happiness":160,"item":"lifeorb","ivs":{"atk":31,"def":31,"hp":31,"spa":31,"spd":31,"spe":31},"level":100,"moves":["swordsdance","closecombat","bulletpunch","earthquake"],"name":"Lucario","nature":"Adamant","species":"Lucario"},{"ability":"defiant","evs":{"atk":252,"def":0,"hp":32,"spa":0,"spd":0,"spe":224},"happiness":160,"item":"lifeorb","ivs":{"atk":31,"def":31,"hp":31,"spa":31,"spd":31,"spe":31},"level":100,"moves":["throatchop","ironhead","suckerpunch","swordsdance"],"name":"Bisharp","nature":"Jolly","species":"Bisharp"},{"ability":"infiltrator","evs":{"atk":252,"def":0,"hp":4,"spa":0,"spd":0,"spe":252},"happiness":160,"item":"leftovers","ivs":{"atk":31,"def":31,"hp":31,"spa":31,"spd":31,"spe":31},"level":100,"moves":["substitute","dragondarts","phantomforce","dragondance"],"name":"Dragapult","nature":"Jolly","species":"Dragapult"}],"roomid":1017391,"score":[1,2],"seed":[6658,31884,56600,37587],"timestamp":"Sat Dec 28 2019 05:XX","turns":21,"winner":"29220","rated_battle":true,"average_rating":1792}