{"endType":"forfeit","format":"gen8ou","inputLog":[">version aa9f8c6b9cf4eca780a1296832ecd3b0009641e0",">version-origin 5e8529faaa5905c5f8e15eafaaefa806ee8c7d06",">start {\"formatid\":\"gen8ou\",\"seed\":[18628,49964,20473,43946],\"rated\":\"Rated battle\"}",">player p1 {\"\"name\":\"144871\",\"rating\":1408}",">player p2 {\"\"name\":\"44543\",\"rating\":1442}",">p1 team 1, 2, 3, 4, 5, 6",">p2 team 1, 2, 3, 4, 5, 6",">p1 move uturn",">p2 move knockoff",">p1 switch 3",">p1 move foulplay",">p2 switch 6",">p1 move toxic",">p2 move stealthrock",">p1 move defog",">p2 move stoneedge",">p1 move roost",">p2 move stealthrock",">p1 move defog",">p2 switch 5",">p1 switch 6",">p2 move calmmind",">p1 move mysticalfire",">p2 move calmmind",">p1 move mysticalfire",">p2 move calmmind",">p1 move mysticalfire",">p2 move calmmind",">p1 move mysticalfire",">p2 move psyshock",">p1 move mysticalfire",">p2 move calmmind",">p1 move wish",">p2 move calmmind",">p1 move mysticalfire",">p2 move calmmind",">p1 switch 4",">p2 move calmmind",">p1 move iciclecrash",">p2 move drainingkiss",">p1 move iciclecrash",">p2 move drainingkiss",">p1 switch 3",">p1 move shadowball",">p2 move drainingkiss"],"log":["|j|\u2606144871","|j|\u260644543","|player|p1|144871|201|1408","|player|p2|44543|zinnia|1442","|teamsize|p1|6","|teamsize|p2|6","|gametype|singles","|gen|8","|tier|[Gen 8] OU","|rated|","|rule|Sleep Clause Mod: Limit one foe put to sleep","|rule|Species Clause: Limit one of each Pok\u00e9mon","|rule|OHKO Clause: OHKO moves are banned","|rule|Evasion Moves Clause: Evasion moves are banned","|rule|Endless Battle Clause: Forcing endless battles is banned","|rule|HP Percentage Mod: HP is shown in percentages","|clearpoke","|poke|p1|Dragapult, F|","|poke|p1|Seismitoad, F|","|poke|p1|Mandibuzz, F|","|poke|p1|Darmanitan-Galar, M|","|poke|p1|Dugtrio, M|","|poke|p1|Sylveon, F|","|poke|p2|Rillaboom, M|","|poke|p2|Gyarados, M|","|poke|p2|Rotom-Heat|","|poke|p2|Aegislash, M|","|poke|p2|Hatterene, F|","|poke|p2|Stonjourner, M|","|rule|Dynamax Clause: You cannot dynamax","|teampreview","|","|start","|switch|p1a: Dragapult|Dragapult, F|317\/317","|switch|p2a: Rillaboom|Rillaboom, M|342\/342","|turn|1","|","|move|p2a: Rillaboom|Knock Off|p1a: Dragapult","|-supereffective|p1a: Dragapult","|-damage|p1a: Dragapult|35\/317","|-enditem|p1a: Dragapult|Choice Specs|[from] move: Knock Off|[of] p2a: Rillaboom","|move|p1a: Dragapult|U-turn|p2a: Rillaboom","|-supereffective|p2a: Rillaboom","|-damage|p2a: Rillaboom|178\/342","|","|switch|p1a: Mandibuzz|Mandibuzz, F|423\/423","|","|upkeep","|turn|2","|","|switch|p2a: Stonjourner|Stonjourner, M|404\/404","|move|p1a: Mandibuzz|Foul Play|p2a: Stonjourner","|-damage|p2a: Stonjourner|271\/404","|","|upkeep","|turn|3","|","|move|p1a: Mandibuzz|Toxic|p2a: Stonjourner","|-status|p2a: Stonjourner|tox","|move|p2a: Stonjourner|Stealth Rock|p1a: Mandibuzz","|-sidestart144871|move: Stealth Rock","|","|-damage|p2a: Stonjourner|246\/404 tox|[from] psn","|upkeep","|turn|4","|","|move|p1a: Mandibuzz|Defog|p2a: Stonjourner","|-unboost|p2a: Stonjourner|evasion|1","|-sideend144871|Stealth Rock|[from] move: Defog|[of] p1a: Mandibuzz","|move|p2a: Stonjourner|Stone Edge|p1a: Mandibuzz","|-supereffective|p1a: Mandibuzz","|-damage|p1a: Mandibuzz|175\/423","|","|-damage|p2a: Stonjourner|196\/404 tox|[from] psn","|upkeep","|turn|5","|","|move|p1a: Mandibuzz|Roost|p1a: Mandibuzz","|-heal|p1a: Mandibuzz|387\/423","|-singleturn|p1a: Mandibuzz|move: Roost","|move|p2a: Stonjourner|Stealth Rock|p1a: Mandibuzz","|-sidestart144871|move: Stealth Rock","|","|-damage|p2a: Stonjourner|121\/404 tox|[from] psn","|upkeep","|turn|6","|","|switch|p2a: Hatterene|Hatterene, F|318\/318","|move|p1a: Mandibuzz|Defog|p2a: Hatterene","|move|p2a: Hatterene|Defog|p1a: Mandibuzz|[from]Magic Bounce","|-unboost|p1a: Mandibuzz|evasion|1","|-sideend144871|Stealth Rock|[from] move: Defog|[of] p2a: Hatterene","|","|upkeep","|turn|7","|","|switch|p1a: Sylveon|Sylveon, F|393\/393","|move|p2a: Hatterene|Calm Mind|p2a: Hatterene","|-boost|p2a: Hatterene|spa|1","|-boost|p2a: Hatterene|spd|1","|","|upkeep","|turn|8","|","|move|p1a: Sylveon|Mystical Fire|p2a: Hatterene","|-damage|p2a: Hatterene|275\/318","|-unboost|p2a: Hatterene|spa|1","|move|p2a: Hatterene|Calm Mind|p2a: Hatterene","|-boost|p2a: Hatterene|spa|1","|-boost|p2a: Hatterene|spd|1","|","|-heal|p2a: Hatterene|294\/318|[from] item: Leftovers","|upkeep","|turn|9","|","|move|p1a: Sylveon|Mystical Fire|p2a: Hatterene","|-damage|p2a: Hatterene|259\/318","|-unboost|p2a: Hatterene|spa|1","|move|p2a: Hatterene|Calm Mind|p2a: Hatterene","|-boost|p2a: Hatterene|spa|1","|-boost|p2a: Hatterene|spd|1","|","|-heal|p2a: Hatterene|278\/318|[from] item: Leftovers","|upkeep","|turn|10","|","|move|p1a: Sylveon|Mystical Fire|p2a: Hatterene","|-damage|p2a: Hatterene|251\/318","|-unboost|p2a: Hatterene|spa|1","|move|p2a: Hatterene|Calm Mind|p2a: Hatterene","|-boost|p2a: Hatterene|spa|1","|-boost|p2a: Hatterene|spd|1","|","|-heal|p2a: Hatterene|270\/318|[from] item: Leftovers","|upkeep","|turn|11","|","|move|p1a: Sylveon|Mystical Fire|p2a: Hatterene","|-damage|p2a: Hatterene|248\/318","|-unboost|p2a: Hatterene|spa|1","|move|p2a: Hatterene|Psyshock|p1a: Sylveon","|-damage|p1a: Sylveon|221\/393","|","|-heal|p1a: Sylveon|245\/393|[from] item: Leftovers","|-heal|p2a: Hatterene|267\/318|[from] item: Leftovers","|upkeep","|turn|12","|","|move|p1a: Sylveon|Mystical Fire|p2a: Hatterene","|-damage|p2a: Hatterene|243\/318","|-unboost|p2a: Hatterene|spa|1","|move|p2a: Hatterene|Calm Mind|p2a: Hatterene","|-boost|p2a: Hatterene|spa|1","|-boost|p2a: Hatterene|spd|1","|","|-heal|p1a: Sylveon|269\/393|[from] item: Leftovers","|-heal|p2a: Hatterene|262\/318|[from] item: Leftovers","|upkeep","|turn|13","|","|move|p1a: Sylveon|Wish|p1a: Sylveon","|move|p2a: Hatterene|Calm Mind|p2a: Hatterene","|-boost|p2a: Hatterene|spa|1","|-boost|p2a: Hatterene|spd|1","|","|-heal|p1a: Sylveon|293\/393|[from] item: Leftovers","|-heal|p2a: Hatterene|281\/318|[from] item: Leftovers","|upkeep","|turn|14","|","|move|p1a: Sylveon|Mystical Fire|p2a: Hatterene","|-damage|p2a: Hatterene|265\/318","|-unboost|p2a: Hatterene|spa|1","|move|p2a: Hatterene|Calm Mind|p2a: Hatterene","|-boost|p2a: Hatterene|spa|1","|-boost|p2a: Hatterene|spd|0","|","|-heal|p1a: Sylveon|393\/393|[from] move: Wish|[wisher] Sylveon","|-heal|p2a: Hatterene|284\/318|[from] item: Leftovers","|upkeep","|turn|15","|","|switch|p1a: Darmanitan|Darmanitan-Galar, M|352\/352","|move|p2a: Hatterene|Calm Mind|p2a: Hatterene","|-boost|p2a: Hatterene|spa|1","|-boost|p2a: Hatterene|spd|0","|","|-heal|p2a: Hatterene|303\/318|[from] item: Leftovers","|upkeep","|turn|16","|","|move|p1a: Darmanitan|Icicle Crash|p2a: Hatterene","|-damage|p2a: Hatterene|119\/318","|move|p2a: Hatterene|Draining Kiss|p1a: Darmanitan","|-damage|p1a: Darmanitan|124\/352","|-heal|p2a: Hatterene|290\/318|[from] drain|[of] p1a: Darmanitan","|","|-heal|p2a: Hatterene|309\/318|[from] item: Leftovers","|upkeep","|turn|17","|","|move|p1a: Darmanitan|Icicle Crash|p2a: Hatterene","|-damage|p2a: Hatterene|125\/318","|move|p2a: Hatterene|Draining Kiss|p1a: Darmanitan","|-damage|p1a: Darmanitan|0 fnt","|-heal|p2a: Hatterene|218\/318|[from] drain|[of] p1a: Darmanitan","|faint|p1a: Darmanitan","|","|-heal|p2a: Hatterene|237\/318|[from] item: Leftovers","|upkeep","|","|switch|p1a: Dragapult|Dragapult, F|35\/317","|turn|18","|","|move|p1a: Dragapult|Shadow Ball|p2a: Hatterene","|-supereffective|p2a: Hatterene","|-damage|p2a: Hatterene|181\/318","|-unboost|p2a: Hatterene|spd|1","|move|p2a: Hatterene|Draining Kiss|p1a: Dragapult","|-supereffective|p1a: Dragapult","|-damage|p1a: Dragapult|0 fnt","|-heal|p2a: Hatterene|207\/318|[from] drain|[of] p1a: Dragapult","|faint|p1a: Dragapult","|","|-heal|p2a: Hatterene|226\/318|[from] item: Leftovers","|upkeep","|-message|144871 forfeited.","|","|win|44543","|l|\u2606144871","|l|\u260644543","|raw|144871's rating: 1408 &rarr; <strong>1389<\/strong><br \/>(-19 for losing)","|raw|44543's rating: 1423 &rarr; <strong>1442<\/strong><br \/>(+19 for winning)",""],"p1":"144871","p1rating":1408,"p1team":[{"ability":"infiltrator","evs":{"atk":4,"def":0,"hp":0,"spa":252,"spd":0,"spe":252},"happiness":160,"item":"choicespecs","ivs":{"atk":31,"def":31,"hp":31,"spa":31,"spd":31,"spe":31},"level":100,"moves":["shadowball","dracometeor","uturn","fireblast"],"name":"Dragapult","nature":"Serious","species":"Dragapult"},{"ability":"waterabsorb","evs":{"atk":4,"def":252,"hp":252,"spa":0,"spd":0,"spe":0},"happiness":160,"item":"leftovers","ivs":{"atk":31,"def":31,"hp":31,"spa":31,"spd":31,"spe":31},"level":100,"moves":["scald","earthquake","stealthrock","toxic"],"name":"Seismitoad","nature":"","species":"Seismitoad"},{"ability":"overcoat","evs":{"atk":0,"def":252,"hp":248,"spa":0,"spd":8,"spe":0},"gender":"F","happiness":160,"item":"heavydutyboots","ivs":{"atk":0,"def":31,"hp":31,"spa":31,"spd":31,"spe":31},"level":100,"moves":["foulplay","toxic","defog","roost"],"name":"Mandibuzz","nature":"Bold","species":"Mandibuzz"},{"ability":"gorillatactics","evs":{"atk":252,"def":0,"hp":4,"spa":0,"spd":0,"spe":252},"happiness":160,"item":"choicescarf","ivs":{"atk":31,"def":31,"hp":31,"spa":31,"spd":31,"spe":31},"level":100,"moves":["iciclecrash","flareblitz","uturn","earthquake"],"name":"Darmanitan","nature":"Jolly","species":"darmanitangalar"},{"ability":"arenatrap","evs":{"atk":252,"def":0,"hp":0,"spa":0,"spd":4,"spe":252},"happiness":160,"item":"focussash","ivs":{"atk":31,"def":31,"hp":31,"spa":31,"spd":31,"spe":31},"level":100,"moves":["earthquake","reversal","suckerpunch","stoneedge"],"name":"Dugtrio","nature":"Jolly","species":"Dugtrio"},{"ability":"pixilate","evs":{"atk":0,"def":0,"hp":248,"spa":8,"spd":252,"spe":0},"happiness":160,"item":"leftovers","ivs":{"atk":0,"def":31,"hp":31,"spa":31,"spd":31,"spe":31},"level":100,"moves":["hypervoice","protect","mysticalfire","wish"],"name":"Sylveon","nature":"Calm","species":"Sylveon"}],"p2":"44543","p2rating":1442,"p2team":[{"ability":"overgrow","evs":{"atk":252,"def":0,"hp":4,"spa":0,"spd":0,"spe":252},"happiness":160,"item":"choicescarf","ivs":{"atk":31,"def":31,"hp":31,"spa":31,"spd":31,"spe":31},"level":100,"moves":["woodhammer","uturn","knockoff","superpower"],"name":"Rillaboom","nature":"Hasty","species":"Rillaboom"},{"ability":"moxie","evs":{"atk":252,"def":0,"hp":0,"spa":0,"spd":4,"spe":252},"happiness":160,"item":"leftovers","ivs":{"atk":31,"def":31,"hp":31,"spa":31,"spd":31,"spe":31},"level":100,"moves":["substitute","dragondance","waterfall","earthquake"],"name":"Gyarados","nature":"Adamant","species":"Gyarados"},{"ability":"levitate","evs":{"atk":0,"def":0,"hp":0,"spa":252,"spd":4,"spe":252},"gender":"N","happiness":160,"item":"choicescarf","ivs":{"atk":0,"def":31,"hp":31,"spa":31,"spd":31,"spe":31},"level":100,"moves":["overheat","voltswitch","trick","nastyplot"],"name":"Rotom","nature":"Modest","species":"rotomheat"},{"ability":"stancechange","evs":{"atk":252,"def":0,"hp":228,"spa":0,"spd":4,"spe":24},"happiness":160,"item":"weaknesspolicy","ivs":{"atk":31,"def":31,"hp":31,"spa":31,"spd":31,"spe":31},"level":100,"moves":["kingsshield","shadowsneak","closecombat","ironhead"],"name":"Aegislash","nature":"Adamant","species":"Aegislash"},{"ability":"magicbounce","evs":{"atk":0,"def":252,"hp":252,"spa":0,"spd":4,"spe":0},"gender":"F","happiness":160,"item":"leftovers","ivs":{"atk":0,"def":31,"hp":31,"spa":31,"spd":31,"spe":31},"level":100,"moves":["calmmind","drainingkiss","psyshock","mysticalfire"],"name":"Hatterene","nature":"Bold","species":"Hatterene"},{"ability":"powerspot","evs":{"atk":252,"def":0,"hp":252,"spa":0,"spd":4,"spe":0},"happiness":160,"item":"focussash","ivs":{"atk":31,"def":31,"hp":31,"spa":31,"spd":31,"spe":31},"level":100,"moves":["stealthrock","stoneedge","heavyslam","heatcrash"],"name":"Stonjourner","nature":"Adamant","species":"Stonjourner"}],"roomid":1019613,"score":[4,6],"seed":[18628,49964,20473,43946],"timestamp":"Sat Dec 28 2019 18:XX","turns":18,"winner":"44543","rated_battle":true,"average_rating":1425}