{"endType":"normal","format":"gen8ou","inputLog":[">version aa9f8c6b9cf4eca780a1296832ecd3b0009641e0",">version-origin 5e8529faaa5905c5f8e15eafaaefa806ee8c7d06",">start {\"formatid\":\"gen8ou\",\"seed\":[44561,42024,32515,6785],\"rated\":\"Rated battle\"}",">player p1 {\"\"name\":\"73558\",\"rating\":1285}",">player p2 {\"\"name\":\"35959\",\"rating\":1342}",">p1 team 4, 2, 3, 1, 5, 6",">p2 team 2, 1, 3, 4, 5, 6",">p1 move thunderwave",">p2 move fishiousrend",">p1 move reflect",">p2 switch 6",">p1 switch 5",">p2 move stealthrock",">p1 move scald",">p2 switch 3",">p1 move scald",">p2 move protect",">p1 move scald",">p2 move leechseed",">p1 move tailwind",">p2 switch 4",">p1 move scald",">p2 move psychicfangs",">p1 move hurricane",">p2 switch 2",">p1 move hurricane",">p2 switch 4",">p1 switch 2",">p2 move protect",">p1 move stealthrock",">p2 switch 4",">p1 move knockoff",">p2 move hurricane",">p1 move leechseed",">p2 move scald",">p1 move knockoff",">p2 switch 3",">p1 move leechseed",">p2 move earthquake",">p1 move knockoff",">p2 move rapidspin",">p1 move leechseed",">p2 switch 4",">p1 move stealthrock",">p2 switch 5",">p1 move leechseed",">p2 move substitute",">p1 move knockoff",">p2 move dragondance",">p1 move knockoff",">p2 move dragondance",">p1 move knockoff",">p2 move substitute",">p1 move knockoff",">p2 move bounce",">p1 move knockoff",">p2 move bounce",">p1 switch 2",">p1 switch 5",">p1 move spiritbreak",">p2 move waterfall",">p1 switch 6",">p1 move transform",">p2 move waterfall",">p1 switch 3",">p1 move crunch",">p2 move waterfall",">p1 switch 4",">p1 move fishiousrend",">p2 move bounce",">p1 move fishiousrend",">p2 move bounce"],"log":["|j|\u260673558","|j|\u260635959","|player|p1|73558|pokemonbreeder-gen4|1285","|player|p2|35959|124|1342","|teamsize|p1|6","|teamsize|p2|6","|gametype|singles","|gen|8","|tier|[Gen 8] OU","|rated|","|rule|Sleep Clause Mod: Limit one foe put to sleep","|rule|Species Clause: Limit one of each Pok\u00e9mon","|rule|OHKO Clause: OHKO moves are banned","|rule|Evasion Moves Clause: Evasion moves are banned","|rule|Endless Battle Clause: Forcing endless battles is banned","|rule|HP Percentage Mod: HP is shown in percentages","|clearpoke","|poke|p1|Dracovish|","|poke|p1|Ferrothorn, M|","|poke|p1|Barraskewda, M|","|poke|p1|Grimmsnarl, M|","|poke|p1|Pelipper, F|","|poke|p1|Ditto|","|poke|p2|Pelipper, F|","|poke|p2|Dracovish|","|poke|p2|Ferrothorn, F|","|poke|p2|Barraskewda, F|","|poke|p2|Gyarados, F|","|poke|p2|Excadrill, M|","|rule|Dynamax Clause: You cannot dynamax","|teampreview","|","|start","|switch|p1a: Grimmsnarl|Grimmsnarl, M|394\/394","|switch|p2a: Dracovish|Dracovish|321\/321","|turn|1","|","|move|p1a: Grimmsnarl|Thunder Wave|p2a: Dracovish","|-status|p2a: Dracovish|par","|move|p2a: Dracovish|Fishious Rend|p1a: Grimmsnarl","|-damage|p1a: Grimmsnarl|139\/394","|","|upkeep","|turn|2","|","|switch|p2a: Excadrill|Excadrill, M|361\/361","|-ability|p2a: Excadrill|Mold Breaker","|move|p1a: Grimmsnarl|Reflect|p1a: Grimmsnarl","|-sidestart73558|Reflect","|","|upkeep","|turn|3","|","|switch|p1a: Pelipper|Pelipper, F|323\/323","|-weather|RainDance|[from] ability: Drizzle|[of] p1a: Pelipper","|move|p2a: Excadrill|Stealth Rock|p1a: Pelipper","|-sidestart73558|move: Stealth Rock","|","|-weather|RainDance|[upkeep]","|upkeep","|turn|4","|","|switch|p2a: Ferrothorn|Ferrothorn, F|352\/352","|move|p1a: Pelipper|Scald|p2a: Ferrothorn","|-resisted|p2a: Ferrothorn","|-damage|p2a: Ferrothorn|289\/352","|","|-weather|RainDance|[upkeep]","|-heal|p2a: Ferrothorn|311\/352|[from] item: Leftovers","|upkeep","|turn|5","|","|move|p2a: Ferrothorn|Protect|p2a: Ferrothorn","|-singleturn|p2a: Ferrothorn|Protect","|move|p1a: Pelipper|Scald|p2a: Ferrothorn","|-activate|p2a: Ferrothorn|move: Protect","|","|-weather|RainDance|[upkeep]","|-heal|p2a: Ferrothorn|333\/352|[from] item: Leftovers","|upkeep","|turn|6","|","|move|p1a: Pelipper|Scald|p2a: Ferrothorn","|-resisted|p2a: Ferrothorn","|-damage|p2a: Ferrothorn|272\/352","|move|p2a: Ferrothorn|Leech Seed|p1a: Pelipper","|-start|p1a: Pelipper|move: Leech Seed","|","|-weather|RainDance|[upkeep]","|-heal|p2a: Ferrothorn|294\/352|[from] item: Leftovers","|-damage|p1a: Pelipper|283\/323|[from] Leech Seed|[of] p2a: Ferrothorn","|-heal|p2a: Ferrothorn|334\/352|[silent]","|upkeep","|turn|7","|","|switch|p2a: Barraskewda|Barraskewda, F|263\/263","|move|p1a: Pelipper|Tailwind|p1a: Pelipper","|-sidestart73558|move: Tailwind","|","|-weather|RainDance|[upkeep]","|-damage|p1a: Pelipper|243\/323|[from] Leech Seed|[of] p2a: Barraskewda","|upkeep","|turn|8","|","|move|p2a: Barraskewda|Psychic Fangs|p1a: Pelipper","|-sideend73558|Reflect","|-damage|p1a: Pelipper|133\/323","|move|p1a: Pelipper|Scald|p2a: Barraskewda","|-resisted|p2a: Barraskewda","|-damage|p2a: Barraskewda|155\/263","|-status|p2a: Barraskewda|brn","|","|-weather|RainDance|[upkeep]","|-damage|p1a: Pelipper|93\/323|[from] Leech Seed|[of] p2a: Barraskewda","|-heal|p2a: Barraskewda|195\/263 brn|[silent]","|-damage|p2a: Barraskewda|179\/263 brn|[from] brn","|upkeep","|turn|9","|","|switch|p2a: Pelipper|Pelipper, F|324\/324","|move|p1a: Pelipper|Hurricane|p2a: Pelipper","|-damage|p2a: Pelipper|158\/324","|-start|p2a: Pelipper|confusion","|","|-weather|RainDance|[upkeep]","|-damage|p1a: Pelipper|53\/323|[from] Leech Seed|[of] p2a: Pelipper","|-heal|p2a: Pelipper|198\/324|[silent]","|upkeep","|turn|10","|","|switch|p2a: Ferrothorn|Ferrothorn, F|334\/352","|move|p1a: Pelipper|Hurricane|p2a: Ferrothorn","|-damage|p2a: Ferrothorn|232\/352","|-start|p2a: Ferrothorn|confusion","|","|-weather|none","|-heal|p2a: Ferrothorn|254\/352|[from] item: Leftovers","|-damage|p1a: Pelipper|13\/323|[from] Leech Seed|[of] p2a: Ferrothorn","|-heal|p2a: Ferrothorn|294\/352|[silent]","|-sideend73558|move: Tailwind","|upkeep","|turn|11","|","|switch|p1a: Danstonqu|Ferrothorn, M|352\/352","|-damage|p1a: Danstonqu|330\/352|[from] Stealth Rock","|-activate|p2a: Ferrothorn|confusion","|move|p2a: Ferrothorn|Protect||[still]","|-fail|p2a: Ferrothorn","|","|-heal|p2a: Ferrothorn|316\/352|[from] item: Leftovers","|-heal|p1a: Danstonqu|352\/352|[from] item: Leftovers","|upkeep","|turn|12","|","|switch|p2a: Pelipper|Pelipper, F|198\/324","|-weather|RainDance|[from] ability: Drizzle|[of] p2a: Pelipper","|move|p1a: Danstonqu|Stealth Rock|p2a: Pelipper","|-sidestart35959|move: Stealth Rock","|","|-weather|RainDance|[upkeep]","|upkeep","|turn|13","|","|move|p2a: Pelipper|Hurricane|p1a: Danstonqu","|-damage|p1a: Danstonqu|252\/352","|move|p1a: Danstonqu|Knock Off|p2a: Pelipper","|-damage|p2a: Pelipper|148\/324","|-enditem|p2a: Pelipper|Damp Rock|[from] move: Knock Off|[of] p1a: Danstonqu","|","|-weather|RainDance|[upkeep]","|-heal|p1a: Danstonqu|274\/352|[from] item: Leftovers","|upkeep","|turn|14","|","|move|p2a: Pelipper|Scald|p1a: Danstonqu","|-resisted|p1a: Danstonqu","|-damage|p1a: Danstonqu|211\/352","|-status|p1a: Danstonqu|brn","|move|p1a: Danstonqu|Leech Seed|p2a: Pelipper","|-start|p2a: Pelipper|move: Leech Seed","|","|-weather|RainDance|[upkeep]","|-heal|p1a: Danstonqu|233\/352 brn|[from] item: Leftovers","|-damage|p2a: Pelipper|108\/324|[from] Leech Seed|[of] p1a: Danstonqu","|-heal|p1a: Danstonqu|273\/352 brn|[silent]","|-damage|p1a: Danstonqu|251\/352 brn|[from] brn","|upkeep","|turn|15","|","|switch|p2a: Excadrill|Excadrill, M|361\/361","|-damage|p2a: Excadrill|350\/361|[from] Stealth Rock","|-ability|p2a: Excadrill|Mold Breaker","|move|p1a: Danstonqu|Knock Off|p2a: Excadrill","|-damage|p2a: Excadrill|300\/361","|-enditem|p2a: Excadrill|Focus Sash|[from] move: Knock Off|[of] p1a: Danstonqu","|","|-weather|RainDance|[upkeep]","|-heal|p1a: Danstonqu|273\/352 brn|[from] item: Leftovers","|-damage|p1a: Danstonqu|251\/352 brn|[from] brn","|upkeep","|turn|16","|","|move|p2a: Excadrill|Earthquake|p1a: Danstonqu","|-damage|p1a: Danstonqu|133\/352 brn","|move|p1a: Danstonqu|Leech Seed|p2a: Excadrill","|-start|p2a: Excadrill|move: Leech Seed","|","|-weather|RainDance|[upkeep]","|-heal|p1a: Danstonqu|155\/352 brn|[from] item: Leftovers","|-damage|p2a: Excadrill|255\/361|[from] Leech Seed|[of] p1a: Danstonqu","|-heal|p1a: Danstonqu|200\/352 brn|[silent]","|-damage|p1a: Danstonqu|178\/352 brn|[from] brn","|upkeep","|turn|17","|","|move|p2a: Excadrill|Rapid Spin|p1a: Danstonqu","|-resisted|p1a: Danstonqu","|-crit|p1a: Danstonqu","|-damage|p1a: Danstonqu|145\/352 brn","|-damage|p2a: Excadrill|210\/361|[from] ability: Iron Barbs|[of] p1a: Danstonqu","|-end|p2a: Excadrill|Leech Seed|[from] move: Rapid Spin|[of] p2a: Excadrill","|-sideend35959|Stealth Rock|[from] move: Rapid Spin|[of] p2a: Excadrill","|-boost|p2a: Excadrill|spe|1","|move|p1a: Danstonqu|Knock Off|p2a: Excadrill","|-damage|p2a: Excadrill|176\/361","|","|-weather|RainDance|[upkeep]","|-heal|p1a: Danstonqu|167\/352 brn|[from] item: Leftovers","|-damage|p1a: Danstonqu|145\/352 brn|[from] brn","|upkeep","|turn|18","|","|switch|p2a: Ferrothorn|Ferrothorn, F|316\/352","|move|p1a: Danstonqu|Leech Seed|p2a: Ferrothorn","|-immune|p2a: Ferrothorn","|","|-weather|RainDance|[upkeep]","|-heal|p1a: Danstonqu|167\/352 brn|[from] item: Leftovers","|-heal|p2a: Ferrothorn|338\/352|[from] item: Leftovers","|-damage|p1a: Danstonqu|145\/352 brn|[from] brn","|upkeep","|turn|19","|","|switch|p2a: Gyarados|Gyarados, F|331\/331","|move|p1a: Danstonqu|Stealth Rock|p2a: Gyarados","|-sidestart35959|move: Stealth Rock","|","|-weather|none","|-heal|p1a: Danstonqu|167\/352 brn|[from] item: Leftovers","|-damage|p1a: Danstonqu|145\/352 brn|[from] brn","|upkeep","|turn|20","|","|move|p2a: Gyarados|Substitute|p2a: Gyarados","|-start|p2a: Gyarados|Substitute","|-damage|p2a: Gyarados|249\/331","|move|p1a: Danstonqu|Leech Seed||[still]","|-fail|p1a: Danstonqu","|","|-heal|p2a: Gyarados|269\/331|[from] item: Leftovers","|-heal|p1a: Danstonqu|167\/352 brn|[from] item: Leftovers","|-damage|p1a: Danstonqu|145\/352 brn|[from] brn","|upkeep","|turn|21","|","|move|p2a: Gyarados|Dragon Dance|p2a: Gyarados","|-boost|p2a: Gyarados|atk|1","|-boost|p2a: Gyarados|spe|1","|move|p1a: Danstonqu|Knock Off|p2a: Gyarados","|-activate|p2a: Gyarados|move: Substitute|[damage]","|","|-heal|p2a: Gyarados|289\/331|[from] item: Leftovers","|-heal|p1a: Danstonqu|167\/352 brn|[from] item: Leftovers","|-damage|p1a: Danstonqu|145\/352 brn|[from] brn","|upkeep","|turn|22","|","|move|p2a: Gyarados|Dragon Dance|p2a: Gyarados","|-boost|p2a: Gyarados|atk|1","|-boost|p2a: Gyarados|spe|1","|move|p1a: Danstonqu|Knock Off|p2a: Gyarados","|-end|p2a: Gyarados|Substitute","|","|-heal|p2a: Gyarados|309\/331|[from] item: Leftovers","|-heal|p1a: Danstonqu|167\/352 brn|[from] item: Leftovers","|-damage|p1a: Danstonqu|145\/352 brn|[from] brn","|upkeep","|turn|23","|","|move|p2a: Gyarados|Substitute|p2a: Gyarados","|-start|p2a: Gyarados|Substitute","|-damage|p2a: Gyarados|227\/331","|move|p1a: Danstonqu|Knock Off|p2a: Gyarados","|-activate|p2a: Gyarados|move: Substitute|[damage]","|","|-heal|p2a: Gyarados|247\/331|[from] item: Leftovers","|-heal|p1a: Danstonqu|167\/352 brn|[from] item: Leftovers","|-damage|p1a: Danstonqu|145\/352 brn|[from] brn","|upkeep","|turn|24","|","|move|p2a: Gyarados|Bounce||[still]","|-prepare|p2a: Gyarados|Bounce|p1a: Danstonqu","|move|p1a: Danstonqu|Knock Off|p2a: Gyarados|[miss]","|-miss|p1a: Danstonqu|p2a: Gyarados","|","|-heal|p2a: Gyarados|267\/331|[from] item: Leftovers","|-heal|p1a: Danstonqu|167\/352 brn|[from] item: Leftovers","|-damage|p1a: Danstonqu|145\/352 brn|[from] brn","|upkeep","|turn|25","|","|move|p2a: Gyarados|Bounce|p1a: Danstonqu|[from]lockedmove","|-damage|p1a: Danstonqu|0 fnt","|-damage|p2a: Gyarados|226\/331|[from] ability: Iron Barbs|[of] p1a: Danstonqu","|faint|p1a: Danstonqu","|-ability|p2a: Gyarados|Moxie|boost","|-boost|p2a: Gyarados|atk|1","|","|-heal|p2a: Gyarados|246\/331|[from] item: Leftovers","|upkeep","|","|switch|p1a: Pelipper|Pelipper, F|13\/323","|-damage|p1a: Pelipper|0 fnt|[from] Stealth Rock","|faint|p1a: Pelipper","|","|switch|p1a: Grimmsnarl|Grimmsnarl, M|139\/394","|-damage|p1a: Grimmsnarl|90\/394|[from] Stealth Rock","|turn|26","|","|move|p2a: Gyarados|Waterfall|p1a: Grimmsnarl","|-damage|p1a: Grimmsnarl|0 fnt","|faint|p1a: Grimmsnarl","|-ability|p2a: Gyarados|Moxie|boost","|-boost|p2a: Gyarados|atk|1","|","|-heal|p2a: Gyarados|266\/331|[from] item: Leftovers","|upkeep","|","|switch|p1a: Rimuru|Ditto, shiny|299\/299","|-damage|p1a: Rimuru|262\/299|[from] Stealth Rock","|turn|27","|","|move|p2a: Gyarados|Waterfall|p1a: Rimuru","|-damage|p1a: Rimuru|0 fnt","|faint|p1a: Rimuru","|-ability|p2a: Gyarados|Moxie|boost","|-boost|p2a: Gyarados|atk|1","|","|-heal|p2a: Gyarados|286\/331|[from] item: Leftovers","|upkeep","|","|switch|p1a: Barraskewda|Barraskewda, M|263\/263","|-damage|p1a: Barraskewda|231\/263|[from] Stealth Rock","|turn|28","|","|move|p2a: Gyarados|Waterfall|p1a: Barraskewda","|-resisted|p1a: Barraskewda","|-damage|p1a: Barraskewda|0 fnt","|faint|p1a: Barraskewda","|-ability|p2a: Gyarados|Moxie|boost","|-boost|p2a: Gyarados|atk|1","|","|-heal|p2a: Gyarados|306\/331|[from] item: Leftovers","|upkeep","|","|switch|p1a: Dracovish|Dracovish|321\/321","|-damage|p1a: Dracovish|281\/321|[from] Stealth Rock","|turn|29","|","|move|p2a: Gyarados|Bounce||[still]","|-prepare|p2a: Gyarados|Bounce|p1a: Dracovish","|move|p1a: Dracovish|Fishious Rend|p2a: Gyarados|[miss]","|-miss|p1a: Dracovish|p2a: Gyarados","|","|-heal|p2a: Gyarados|326\/331|[from] item: Leftovers","|upkeep","|turn|30","|","|move|p2a: Gyarados|Bounce|p1a: Dracovish|[from]lockedmove","|-damage|p1a: Dracovish|0 fnt","|faint|p1a: Dracovish","|","|win|35959","|l|\u260635959","|raw|73558's rating: 1285 &rarr; <strong>1265<\/strong><br \/>(-20 for losing)","|raw|35959's rating: 1360 &rarr; <strong>1376<\/strong><br \/>(+16 for winning)",""],"p1":"73558","p1rating":1285,"p1team":[{"ability":"strongjaw","evs":{"atk":252,"def":0,"hp":0,"spa":0,"spd":4,"spe":252},"gender":"N","happiness":160,"item":"choiceband","ivs":{"atk":31,"def":31,"hp":31,"spa":31,"spd":31,"spe":31},"level":100,"moves":["fishiousrend","psychicfangs","crunch","outrage"],"name":"Dracovish","nature":"Adamant","species":"Dracovish"},{"ability":"ironbarbs","evs":{"atk":0,"def":252,"hp":252,"spa":0,"spd":4,"spe":0},"gender":"M","happiness":160,"item":"leftovers","ivs":{"atk":31,"def":31,"hp":31,"spa":31,"spd":31,"spe":31},"level":100,"moves":["leechseed","stealthrock","knockoff","powerwhip"],"name":"Danstonqu","nature":"Impish","species":"ferrothorn"},{"ability":"swiftswim","evs":{"atk":252,"def":0,"hp":0,"spa":0,"spd":4,"spe":252},"happiness":160,"item":"lifeorb","ivs":{"atk":31,"def":31,"hp":31,"spa":31,"spd":31,"spe":31},"level":100,"moves":["closecombat","liquidation","psychicfangs","crunch"],"name":"Barraskewda","nature":"Adamant","species":"Barraskewda"},{"ability":"prankster","evs":{"atk":252,"def":0,"hp":252,"spa":0,"spd":4,"spe":0},"gender":"M","happiness":160,"item":"lightclay","ivs":{"atk":31,"def":31,"hp":31,"spa":31,"spd":31,"spe":31},"level":100,"moves":["thunderwave","spiritbreak","lightscreen","reflect"],"name":"Grimmsnarl","nature":"Adamant","species":"Grimmsnarl"},{"ability":"drizzle","evs":{"atk":0,"def":252,"hp":248,"spa":0,"spd":8,"spe":0},"happiness":160,"item":"damprock","ivs":{"atk":31,"def":31,"hp":31,"spa":31,"spd":31,"spe":31},"level":100,"moves":["hurricane","scald","uturn","tailwind"],"name":"Pelipper","nature":"Bold","species":"Pelipper"},{"ability":"imposter","evs":{"atk":8,"def":252,"hp":248,"spa":0,"spd":0,"spe":0},"gender":"N","happiness":160,"item":"choicescarf","ivs":{"atk":0,"def":31,"hp":31,"spa":31,"spd":31,"spe":31},"level":100,"moves":["transform"],"name":"Rimuru","nature":"Relaxed","shiny":true,"species":"ditto"}],"p2":"35959","p2rating":1342,"p2team":[{"ability":"drizzle","evs":{"atk":0,"def":252,"hp":252,"spa":0,"spd":4,"spe":0},"happiness":160,"item":"damprock","ivs":{"atk":31,"def":31,"hp":31,"spa":31,"spd":31,"spe":31},"level":100,"moves":["scald","roost","uturn","hurricane"],"name":"Pelipper","nature":"Bold","species":"Pelipper"},{"ability":"strongjaw","evs":{"atk":252,"def":0,"hp":0,"spa":0,"spd":4,"spe":252},"gender":"N","happiness":160,"item":"choicescarf","ivs":{"atk":31,"def":31,"hp":31,"spa":31,"spd":31,"spe":31},"level":100,"moves":["fishiousrend","outrage","psychicfangs","crunch"],"name":"Dracovish","nature":"Adamant","species":"Dracovish"},{"ability":"ironbarbs","evs":{"atk":0,"def":252,"hp":252,"spa":0,"spd":4,"spe":0},"happiness":160,"item":"leftovers","ivs":{"atk":31,"def":31,"hp":31,"spa":31,"spd":31,"spe":31},"level":100,"moves":["leechseed","stealthrock","powerwhip","protect"],"name":"Ferrothorn","nature":"Impish","species":"Ferrothorn"},{"ability":"swiftswim","evs":{"atk":252,"def":4,"hp":0,"spa":0,"spd":0,"spe":252},"happiness":160,"item":"choiceband","ivs":{"atk":31,"def":31,"hp":31,"spa":31,"spd":31,"spe":31},"level":100,"moves":["liquidation","closecombat","psychicfangs","aquajet"],"name":"Barraskewda","nature":"Adamant","species":"Barraskewda"},{"ability":"moxie","evs":{"atk":252,"def":0,"hp":0,"spa":0,"spd":4,"spe":252},"happiness":160,"item":"leftovers","ivs":{"atk":31,"def":31,"hp":31,"spa":31,"spd":31,"spe":31},"level":100,"moves":["dragondance","waterfall","bounce","substitute"],"name":"Gyarados","nature":"Jolly","species":"Gyarados"},{"ability":"moldbreaker","evs":{"atk":252,"def":0,"hp":0,"spa":0,"spd":4,"spe":252},"happiness":160,"item":"focussash","ivs":{"atk":31,"def":31,"hp":31,"spa":31,"spd":31,"spe":31},"level":100,"moves":["earthquake","rapidspin","stealthrock","ironhead"],"name":"Excadrill","nature":"Adamant","species":"Excadrill"}],"roomid":1020495,"score":[0,6],"seed":[44561,42024,32515,6785],"timestamp":"Sat Dec 28 2019 21:XX","turns":30,"winner":"35959","rated_battle":true,"average_rating":1313}