{"endType":"forfeit","format":"gen8ou","inputLog":[">version aa9f8c6b9cf4eca780a1296832ecd3b0009641e0",">version-origin 5e8529faaa5905c5f8e15eafaaefa806ee8c7d06",">start {\"formatid\":\"gen8ou\",\"seed\":[25223,41123,39237,11832],\"rated\":\"Rated battle\"}",">player p1 {\"\"name\":\"121562\",\"rating\":1350}",">player p2 {\"\"name\":\"33147\",\"rating\":1402}",">p1 team 5, 2, 3, 4, 1, 6",">p2 team 1, 2, 3, 4, 5, 6",">p1 move protect",">p2 move uturn",">p1 move stealthrock",">p2 move uturn",">p2 switch 6",">p1 switch 5",">p2 move calmmind",">p1 move moonblast",">p2 move calmmind",">p1 move moonblast",">p2 move drainingkiss",">p1 move moonblast",">p2 move drainingkiss",">p1 switch 2",">p2 move drainingkiss",">p1 move sludgewave",">p2 move psychic",">p1 switch 6",">p1 move pyroball",">p2 move calmmind",">p1 move uturn",">p2 switch 3",">p1 switch 2",">p1 move moonlight",">p2 switch 6",">p1 switch 5",">p2 move iciclecrash",">p1 move protect",">p2 move iciclecrash",">p1 move earthquake",">p2 move iciclecrash",">p1 move protect",">p2 move iciclecrash",">p1 move earthquake",">p2 move iciclecrash",">p1 switch 2",">p1 move courtchange",">p2 switch 5",">p1 move uturn",">p2 move defog",">p1 switch 4",">p1 move earthquake",">p2 move drainpunch",">p1 switch 5",">p1 move moonblast",">p2 switch 3",">p2 switch 5",">p1 move moonblast",">p2 move iciclecrash",">p1 switch 4",">p1 move uturn",">p2 switch 6",">p1 switch 3"],"log":["|j|\u2606121562","|j|\u260633147","|player|p1|121562|128|1350","|player|p2|33147|veteran-gen4|1402","|teamsize|p1|6","|teamsize|p2|6","|gametype|singles","|gen|8","|tier|[Gen 8] OU","|rated|","|rule|Sleep Clause Mod: Limit one foe put to sleep","|rule|Species Clause: Limit one of each Pok\u00e9mon","|rule|OHKO Clause: OHKO moves are banned","|rule|Evasion Moves Clause: Evasion moves are banned","|rule|Endless Battle Clause: Forcing endless battles is banned","|rule|HP Percentage Mod: HP is shown in percentages","|clearpoke","|poke|p1|Clefable, M|","|poke|p1|Toxtricity, F|","|poke|p1|Hydreigon, M|","|poke|p1|Dugtrio, M|","|poke|p1|Seismitoad, M|","|poke|p1|Cinderace, F|","|poke|p2|Darmanitan-Galar, M|","|poke|p2|Ferrothorn, F|","|poke|p2|Seismitoad, F|","|poke|p2|Dragapult, M|","|poke|p2|Conkeldurr, M|","|poke|p2|Hatterene, F|","|rule|Dynamax Clause: You cannot dynamax","|teampreview","|","|start","|switch|p1a: Seismitoad|Seismitoad, M|414\/414","|switch|p2a: Darmanitan|Darmanitan-Galar, M|351\/351","|turn|1","|","|move|p1a: Seismitoad|Protect|p1a: Seismitoad","|-singleturn|p1a: Seismitoad|Protect","|move|p2a: Darmanitan|U-turn|p1a: Seismitoad","|-activate|p1a: Seismitoad|move: Protect","|","|upkeep","|turn|2","|","|move|p2a: Darmanitan|U-turn|p1a: Seismitoad","|-damage|p1a: Seismitoad|301\/414","|","|switch|p2a: Hatterene|Hatterene, F|318\/318","|move|p1a: Seismitoad|Stealth Rock|p2a: Hatterene","|move|p2a: Hatterene|Stealth Rock|p1a: Seismitoad|[from]Magic Bounce","|-sidestart121562|move: Stealth Rock","|","|-heal|p1a: Seismitoad|326\/414|[from] item: Leftovers","|upkeep","|turn|3","|","|switch|p1a: Clefable|Clefable, M|331\/331","|move|p2a: Hatterene|Calm Mind|p2a: Hatterene","|-boost|p2a: Hatterene|spa|1","|-boost|p2a: Hatterene|spd|1","|","|upkeep","|turn|4","|","|move|p1a: Clefable|Moonblast|p2a: Hatterene","|-damage|p2a: Hatterene|196\/318","|move|p2a: Hatterene|Calm Mind|p2a: Hatterene","|-boost|p2a: Hatterene|spa|1","|-boost|p2a: Hatterene|spd|1","|","|-heal|p2a: Hatterene|215\/318|[from] item: Leftovers","|upkeep","|turn|5","|","|move|p1a: Clefable|Moonblast|p2a: Hatterene","|-damage|p2a: Hatterene|114\/318","|-unboost|p2a: Hatterene|spa|1","|move|p2a: Hatterene|Draining Kiss|p1a: Clefable","|-damage|p1a: Clefable|195\/331","|-heal|p2a: Hatterene|216\/318|[from] drain|[of] p1a: Clefable","|","|-heal|p2a: Hatterene|235\/318|[from] item: Leftovers","|upkeep","|turn|6","|","|move|p1a: Clefable|Moonblast|p2a: Hatterene","|-damage|p2a: Hatterene|141\/318","|move|p2a: Hatterene|Draining Kiss|p1a: Clefable","|-damage|p1a: Clefable|78\/331","|-heal|p2a: Hatterene|229\/318|[from] drain|[of] p1a: Clefable","|","|-heal|p2a: Hatterene|248\/318|[from] item: Leftovers","|upkeep","|turn|7","|","|switch|p1a: Toxtricity|Toxtricity, F|354\/354","|-damage|p1a: Toxtricity|310\/354|[from] Stealth Rock","|move|p2a: Hatterene|Draining Kiss|p1a: Toxtricity","|-resisted|p1a: Toxtricity","|-damage|p1a: Toxtricity|238\/354","|-heal|p2a: Hatterene|302\/318|[from] drain|[of] p1a: Toxtricity","|","|-heal|p1a: Toxtricity|260\/354|[from] item: Black Sludge","|-heal|p2a: Hatterene|318\/318|[from] item: Leftovers","|upkeep","|turn|8","|","|move|p1a: Toxtricity|Sludge Wave|p2a: Hatterene","|-supereffective|p2a: Hatterene","|-damage|p2a: Hatterene|166\/318","|move|p2a: Hatterene|Psychic|p1a: Toxtricity","|-supereffective|p1a: Toxtricity","|-damage|p1a: Toxtricity|0 fnt","|faint|p1a: Toxtricity","|","|-heal|p2a: Hatterene|185\/318|[from] item: Leftovers","|upkeep","|","|switch|p1a: Cinderace|Cinderace, F|301\/301","|turn|9","|","|move|p1a: Cinderace|Pyro Ball|p2a: Hatterene","|-damage|p2a: Hatterene|19\/318","|move|p2a: Hatterene|Calm Mind|p2a: Hatterene","|-boost|p2a: Hatterene|spa|1","|-boost|p2a: Hatterene|spd|1","|","|-heal|p2a: Hatterene|38\/318|[from] item: Leftovers","|upkeep","|turn|10","|","|switch|p2a: Seismitoad|Seismitoad, F|414\/414","|move|p1a: Cinderace|U-turn|p2a: Seismitoad","|-damage|p2a: Seismitoad|338\/414","|","|switch|p1a: Clefable|Clefable, M|78\/331","|","|-heal|p2a: Seismitoad|363\/414|[from] item: Leftovers","|upkeep","|turn|11","|","|switch|p2a: Darmanitan|Darmanitan-Galar, M|351\/351","|move|p1a: Clefable|Moonlight|p1a: Clefable","|-heal|p1a: Clefable|243\/331","|","|upkeep","|turn|12","|","|switch|p1a: Seismitoad|Seismitoad, M|326\/414","|-damage|p1a: Seismitoad|301\/414|[from] Stealth Rock","|move|p2a: Darmanitan|Icicle Crash|p1a: Seismitoad","|-damage|p1a: Seismitoad|79\/414","|","|-heal|p1a: Seismitoad|104\/414|[from] item: Leftovers","|upkeep","|turn|13","|","|move|p1a: Seismitoad|Protect|p1a: Seismitoad","|-singleturn|p1a: Seismitoad|Protect","|move|p2a: Darmanitan|Icicle Crash|p1a: Seismitoad","|-activate|p1a: Seismitoad|move: Protect","|","|-heal|p1a: Seismitoad|129\/414|[from] item: Leftovers","|upkeep","|turn|14","|","|move|p2a: Darmanitan|Icicle Crash|p1a: Seismitoad|[miss]","|-miss|p2a: Darmanitan|p1a: Seismitoad","|move|p1a: Seismitoad|Earthquake|p2a: Darmanitan","|-damage|p2a: Darmanitan|165\/351","|","|-heal|p1a: Seismitoad|154\/414|[from] item: Leftovers","|upkeep","|turn|15","|","|move|p1a: Seismitoad|Protect|p1a: Seismitoad","|-singleturn|p1a: Seismitoad|Protect","|move|p2a: Darmanitan|Icicle Crash|p1a: Seismitoad","|-activate|p1a: Seismitoad|move: Protect","|","|-heal|p1a: Seismitoad|179\/414|[from] item: Leftovers","|upkeep","|turn|16","|","|move|p2a: Darmanitan|Icicle Crash|p1a: Seismitoad","|-damage|p1a: Seismitoad|0 fnt","|faint|p1a: Seismitoad","|","|upkeep","|j| zDarky","|","|switch|p1a: Cinderace|Cinderace, F|301\/301","|turn|17","|","|switch|p2a: Conkeldurr|Conkeldurr, M|414\/414","|move|p1a: Cinderace|Court Change|p1a: Cinderace","|-sideend121562|Stealth Rock|[silent]","|-sidestart33147|Stealth Rock|[silent]","|-activate|p1a: Cinderace|move: Court Change","|","|-status|p2a: Conkeldurr|brn|[from] item: Flame Orb","|upkeep","|turn|18","|","|move|p1a: Cinderace|U-turn|p2a: Conkeldurr","|-resisted|p2a: Conkeldurr","|-damage|p2a: Conkeldurr|372\/414 brn","|","|switch|p1a: Dugtrio|Dugtrio, M|211\/211","|move|p2a: Conkeldurr|Defog|p1a: Dugtrio","|-unboost|p1a: Dugtrio|evasion|1","|-sideend33147|Stealth Rock|[from] move: Defog|[of] p2a: Conkeldurr","|","|-damage|p2a: Conkeldurr|347\/414 brn|[from] brn","|upkeep","|turn|19","|","|move|p1a: Dugtrio|Earthquake|p2a: Conkeldurr","|-damage|p2a: Conkeldurr|109\/414 brn","|move|p2a: Conkeldurr|Drain Punch|p1a: Dugtrio","|-damage|p1a: Dugtrio|0 fnt","|-heal|p2a: Conkeldurr|215\/414 brn|[from] drain|[of] p1a: Dugtrio","|faint|p1a: Dugtrio","|","|-damage|p2a: Conkeldurr|190\/414 brn|[from] brn","|upkeep","|","|switch|p1a: Clefable|Clefable, M|243\/331","|turn|20","|","|switch|p2a: Hatterene|Hatterene, F|38\/318","|move|p1a: Clefable|Moonblast|p2a: Hatterene","|-damage|p2a: Hatterene|0 fnt","|faint|p2a: Hatterene","|","|upkeep","|","|switch|p2a: Darmanitan|Darmanitan-Galar, M|165\/351","|turn|21","|","|move|p2a: Darmanitan|Icicle Crash|p1a: Clefable","|-damage|p1a: Clefable|0 fnt","|faint|p1a: Clefable","|","|upkeep","|","|switch|p1a: Cinderace|Cinderace, F|301\/301","|turn|22","|","|switch|p2a: Seismitoad|Seismitoad, F|363\/414","|move|p1a: Cinderace|U-turn|p2a: Seismitoad","|-crit|p2a: Seismitoad","|-damage|p2a: Seismitoad|255\/414","|","|switch|p1a: Hydreigon|Hydreigon, M|325\/325","|","|-heal|p2a: Seismitoad|280\/414|[from] item: Leftovers","|upkeep","|turn|23","|-message|121562 forfeited.","|","|win|33147","|l|\u2606121562","|raw|121562's rating: 1350 &rarr; <strong>1333<\/strong><br \/>(-17 for losing)","|raw|what&apos;s iapapin's rating: 1402 &rarr; <strong>1419<\/strong><br \/>(+17 for winning)",""],"p1":"121562","p1rating":1350,"p1team":[{"ability":"magicguard","evs":{"atk":0,"def":0,"hp":0,"spa":252,"spd":4,"spe":252},"happiness":160,"item":"lifeorb","ivs":{"atk":0,"def":31,"hp":31,"spa":31,"spd":31,"spe":31},"level":100,"moves":["moonblast","flamethrower","thunderbolt","moonlight"],"name":"Clefable","nature":"Modest","species":"Clefable"},{"ability":"punkrock","evs":{"atk":0,"def":0,"hp":252,"spa":252,"spd":4,"spe":0},"happiness":160,"item":"blacksludge","ivs":{"atk":0,"def":31,"hp":31,"spa":31,"spd":31,"spe":31},"level":100,"moves":["boomburst","overdrive","voltswitch","sludgewave"],"name":"Toxtricity","nature":"Modest","species":"Toxtricity"},{"ability":"levitate","evs":{"atk":0,"def":0,"hp":0,"spa":252,"spd":4,"spe":252},"happiness":160,"item":"choicescarf","ivs":{"atk":31,"def":31,"hp":31,"spa":31,"spd":31,"spe":31},"level":100,"moves":["dracometeor","uturn","flamethrower","darkpulse"],"name":"Hydreigon","nature":"Timid","species":"Hydreigon"},{"ability":"arenatrap","evs":{"atk":252,"def":0,"hp":0,"spa":0,"spd":4,"spe":252},"happiness":160,"item":"choiceband","ivs":{"atk":31,"def":31,"hp":31,"spa":31,"spd":31,"spe":31},"level":100,"moves":["earthquake","suckerpunch","stoneedge","rockslide"],"name":"Dugtrio","nature":"Jolly","species":"Dugtrio"},{"ability":"waterabsorb","evs":{"atk":0,"def":236,"hp":252,"spa":0,"spd":0,"spe":20},"happiness":160,"item":"leftovers","ivs":{"atk":31,"def":31,"hp":31,"spa":31,"spd":31,"spe":31},"level":100,"moves":["stealthrock","earthquake","protect","toxic"],"name":"Seismitoad","nature":"Impish","species":"Seismitoad"},{"ability":"blaze","evs":{"atk":252,"def":0,"hp":0,"spa":0,"spd":4,"spe":252},"happiness":160,"item":"heavydutyboots","ivs":{"atk":31,"def":31,"hp":31,"spa":31,"spd":31,"spe":31},"level":100,"moves":["courtchange","pyroball","uturn","suckerpunch"],"name":"Cinderace","nature":"Adamant","species":"Cinderace"}],"p2":"33147","p2rating":1402,"p2team":[{"ability":"gorillatactics","evs":{"atk":252,"def":0,"hp":0,"spa":0,"spd":4,"spe":252},"happiness":160,"item":"choicescarf","ivs":{"atk":31,"def":31,"hp":31,"spa":31,"spd":31,"spe":31},"level":100,"moves":["uturn","flareblitz","iciclecrash","earthquake"],"name":"Darmanitan","nature":"Jolly","species":"darmanitangalar"},{"ability":"ironbarbs","evs":{"atk":8,"def":36,"hp":248,"spa":0,"spd":216,"spe":0},"happiness":160,"item":"rockyhelmet","ivs":{"atk":31,"def":31,"hp":31,"spa":31,"spd":31,"spe":0},"level":100,"moves":["leechseed","spikes","gyroball","powerwhip"],"name":"Ferrothorn","nature":"Careful","species":"Ferrothorn"},{"ability":"waterabsorb","evs":{"atk":0,"def":252,"hp":252,"spa":4,"spd":0,"spe":0},"happiness":160,"item":"leftovers","ivs":{"atk":0,"def":31,"hp":31,"spa":31,"spd":31,"spe":31},"level":100,"moves":["scald","stealthrock","toxic","earthpower"],"name":"Seismitoad","nature":"Bold","species":"Seismitoad"},{"ability":"infiltrator","evs":{"atk":0,"def":0,"hp":0,"spa":252,"spd":4,"spe":252},"happiness":160,"item":"choicespecs","ivs":{"atk":31,"def":31,"hp":31,"spa":31,"spd":31,"spe":31},"level":100,"moves":["uturn","shadowball","flamethrower","dracometeor"],"name":"Dragapult","nature":"Timid","species":"Dragapult"},{"ability":"guts","evs":{"atk":252,"def":0,"hp":252,"spa":0,"spd":4,"spe":0},"happiness":160,"item":"flameorb","ivs":{"atk":31,"def":31,"hp":31,"spa":31,"spd":31,"spe":31},"level":100,"moves":["machpunch","drainpunch","icepunch","defog"],"name":"Conkeldurr","nature":"Adamant","species":"Conkeldurr"},{"ability":"magicbounce","evs":{"atk":0,"def":204,"hp":252,"spa":0,"spd":0,"spe":52},"gender":"F","happiness":160,"item":"leftovers","ivs":{"atk":31,"def":31,"hp":31,"spa":31,"spd":31,"spe":31},"level":100,"moves":["psychic","drainingkiss","mysticalfire","calmmind"],"name":"Hatterene","nature":"Bold","species":"Hatterene"}],"roomid":1019284,"score":[2,5],"seed":[25223,41123,39237,11832],"timestamp":"Sat Dec 28 2019 06:XX","turns":23,"winner":"33147","rated_battle":true,"average_rating":1376}