{"endType":"normal","format":"gen8ou","inputLog":[">version aa9f8c6b9cf4eca780a1296832ecd3b0009641e0",">version-origin 5e8529faaa5905c5f8e15eafaaefa806ee8c7d06",">start {\"formatid\":\"gen8ou\",\"seed\":[36403,37233,57084,4372],\"rated\":\"Rated battle\"}",">player p1 {\"\"name\":\"93938\",\"rating\":1369}",">player p2 {\"\"name\":\"3727\",\"rating\":1398}",">p1 team 5, 2, 3, 4, 1, 6",">p2 team 1, 2, 3, 4, 5, 6",">p1 move firstimpression",">p2 move flareblitz",">p1 move suckerpunch",">p2 switch 2",">p1 switch 2",">p2 move bulkup",">p1 move voltswitch",">p2 switch 3",">p1 switch 6",">p2 move earthpower",">p1 move trickroom",">p2 move scald",">p1 move psychic",">p2 move scald",">p1 switch 5",">p1 move moonblast",">p2 move scald",">p1 move moonblast",">p2 move scald",">p2 switch 2",">p1 move moonlight",">p2 move iciclecrash",">p1 move flamethrower",">p2 move iciclecrash",">p1 switch 2",">p1 move firstimpression",">p2 switch 3",">p1 switch 6",">p2 move bravebird",">p1 move voltswitch",">p2 move bravebird",">p1 switch 3",">p1 move shadowball",">p2 move bravebird",">p2 switch 4",">p1 move shadowball",">p2 move swordsdance",">p1 move shadowball",">p2 move shadowsneak",">p1 switch 4",">p1 move stealthrock",">p2 move shadowclaw",">p1 move ironhead",">p2 move shadowsneak",">p1 switch 6",">p1 move firstimpression",">p2 move shadowclaw",">p1 switch 3",">p1 move overdrive",">p2 move shadowsneak",">p2 switch 3",">p2 switch 6",">p1 move overdrive",">p2 move shadowball"],"log":["|j|\u260693938","|j|\u26063727","|player|p1|93938|1|1369","|player|p2|3727|169|1398","|teamsize|p1|6","|teamsize|p2|6","|gametype|singles","|gen|8","|tier|[Gen 8] OU","|rated|","|rule|Sleep Clause Mod: Limit one foe put to sleep","|rule|Species Clause: Limit one of each Pok\u00e9mon","|rule|OHKO Clause: OHKO moves are banned","|rule|Evasion Moves Clause: Evasion moves are banned","|rule|Endless Battle Clause: Forcing endless battles is banned","|rule|HP Percentage Mod: HP is shown in percentages","|clearpoke","|poke|p1|Clefable, F|","|poke|p1|Toxtricity, F|","|poke|p1|Dragapult, M|","|poke|p1|Excadrill, M|","|poke|p1|Golisopod, F|","|poke|p1|Hatterene, F|","|poke|p2|Darmanitan-Galar, M|","|poke|p2|Corviknight, M|","|poke|p2|Gastrodon-East, M|","|poke|p2|Mimikyu, F|","|poke|p2|Frosmoth, M|","|poke|p2|Dragapult, F|","|rule|Dynamax Clause: You cannot dynamax","|teampreview","|","|start","|switch|p1a: Golisopod|Golisopod, F|354\/354","|switch|p2a: Darmanitan|Darmanitan-Galar, M|351\/351","|turn|1","|","|move|p1a: Golisopod|First Impression|p2a: Darmanitan","|-damage|p2a: Darmanitan|63\/351","|move|p2a: Darmanitan|Flare Blitz|p1a: Golisopod","|-damage|p1a: Golisopod|184\/354","|-damage|p2a: Darmanitan|7\/351|[from] Recoil","|","|upkeep","|turn|2","|","|switch|p2a: Corviknight|Corviknight, M|400\/400","|-ability|p2a: Corviknight|Pressure","|move|p1a: Golisopod|Sucker Punch||[still]","|-fail|p1a: Golisopod","|","|upkeep","|turn|3","|","|switch|p1a: Toxtricity|Toxtricity, F|292\/292","|move|p2a: Corviknight|Bulk Up|p2a: Corviknight","|-boost|p2a: Corviknight|atk|1","|-boost|p2a: Corviknight|def|1","|","|upkeep","|turn|4","|","|switch|p2a: Gastrodon|Gastrodon-East, M|426\/426","|move|p1a: Toxtricity|Volt Switch|p2a: Gastrodon","|-immune|p2a: Gastrodon","|","|upkeep","|turn|5","|","|switch|p1a: Hatterene|Hatterene, F|318\/318","|move|p2a: Gastrodon|Earth Power|p1a: Hatterene","|-damage|p1a: Hatterene|185\/318","|","|-heal|p1a: Hatterene|204\/318|[from] item: Leftovers","|upkeep","|turn|6","|","|move|p2a: Gastrodon|Scald|p1a: Hatterene","|-damage|p1a: Hatterene|84\/318","|-status|p1a: Hatterene|brn","|move|p1a: Hatterene|Trick Room|p1a: Hatterene","|-fieldstart|move: Trick Room|[of] p1a: Hatterene","|","|-heal|p1a: Hatterene|103\/318 brn|[from] item: Leftovers","|-damage|p1a: Hatterene|84\/318 brn|[from] brn","|upkeep","|turn|7","|","|move|p1a: Hatterene|Psychic|p2a: Gastrodon","|-damage|p2a: Gastrodon|293\/426","|move|p2a: Gastrodon|Scald|p1a: Hatterene","|-damage|p1a: Hatterene|0 fnt","|faint|p1a: Hatterene","|","|upkeep","|","|switch|p1a: Clefable|Clefable, F|380\/380","|turn|8","|","|move|p2a: Gastrodon|Scald|p1a: Clefable","|-damage|p1a: Clefable|247\/380","|move|p1a: Clefable|Moonblast|p2a: Gastrodon","|-damage|p2a: Gastrodon|128\/426","|-unboost|p2a: Gastrodon|spa|1","|","|upkeep","|turn|9","|","|move|p2a: Gastrodon|Scald|p1a: Clefable","|-damage|p1a: Clefable|156\/380","|move|p1a: Clefable|Moonblast|p2a: Gastrodon","|-damage|p2a: Gastrodon|0 fnt","|faint|p2a: Gastrodon","|","|upkeep","|","|switch|p2a: Darmanitan|Darmanitan-Galar, M|7\/351","|turn|10","|","|move|p1a: Clefable|Moonlight|p1a: Clefable","|-heal|p1a: Clefable|346\/380","|move|p2a: Darmanitan|Icicle Crash|p1a: Clefable","|-damage|p1a: Clefable|61\/380","|","|-fieldend|move: Trick Room","|upkeep","|turn|11","|","|move|p2a: Darmanitan|Icicle Crash|p1a: Clefable","|-damage|p1a: Clefable|0 fnt","|faint|p1a: Clefable","|","|upkeep","|","|switch|p1a: Golisopod|Golisopod, F|184\/354","|turn|12","|","|switch|p2a: Corviknight|Corviknight, M|400\/400","|-ability|p2a: Corviknight|Pressure","|move|p1a: Golisopod|First Impression|p2a: Corviknight","|-resisted|p2a: Corviknight","|-damage|p2a: Corviknight|358\/400","|","|-heal|p2a: Corviknight|383\/400|[from] item: Leftovers","|upkeep","|turn|13","|","|switch|p1a: Toxtricity|Toxtricity, F|292\/292","|move|p2a: Corviknight|Brave Bird|p1a: Toxtricity","|-resisted|p1a: Toxtricity","|-damage|p1a: Toxtricity|205\/292","|-damage|p2a: Corviknight|354\/400|[from] Recoil","|","|-heal|p2a: Corviknight|379\/400|[from] item: Leftovers","|upkeep","|turn|14","|","|move|p1a: Toxtricity|Volt Switch|p2a: Corviknight","|-supereffective|p2a: Corviknight","|-damage|p2a: Corviknight|97\/400","|","|switch|p1a: Dragapult|Dragapult, M|317\/317","|move|p2a: Corviknight|Brave Bird|p1a: Dragapult","|-damage|p1a: Dragapult|143\/317","|-damage|p2a: Corviknight|40\/400|[from] Recoil","|","|-heal|p2a: Corviknight|65\/400|[from] item: Leftovers","|upkeep","|turn|15","|","|move|p1a: Dragapult|Shadow Ball|p2a: Corviknight","|-damage|p2a: Corviknight|0 fnt","|faint|p2a: Corviknight","|","|upkeep","|","|switch|p2a: Mimikyu|Mimikyu, F|251\/251","|turn|16","|","|move|p1a: Dragapult|Shadow Ball|p2a: Mimikyu","|-activate|p2a: Mimikyu|ability: Disguise","|-damage|p2a: Mimikyu|251\/251","|detailschange|p2a: Mimikyu|Mimikyu-Busted, F","|-damage|p2a: Mimikyu|220\/251|[from] ability: Disguise|[of] p2a: Mimikyu","|move|p2a: Mimikyu|Swords Dance|p2a: Mimikyu","|-boost|p2a: Mimikyu|atk|2","|","|upkeep","|turn|17","|","|move|p2a: Mimikyu|Shadow Sneak|p1a: Dragapult","|-supereffective|p1a: Dragapult","|-damage|p1a: Dragapult|0 fnt","|-damage|p2a: Mimikyu|195\/251|[from] item: Life Orb","|faint|p1a: Dragapult","|","|upkeep","|","|switch|p1a: Excadrill|Excadrill, M|361\/361","|-ability|p1a: Excadrill|Mold Breaker","|turn|18","|","|move|p2a: Mimikyu|Shadow Claw|p1a: Excadrill","|-enditem|p1a: Excadrill|Focus Sash","|-damage|p1a: Excadrill|1\/361","|-damage|p2a: Mimikyu|170\/251|[from] item: Life Orb","|move|p1a: Excadrill|Stealth Rock|p2a: Mimikyu","|-sidestart3727|move: Stealth Rock","|","|upkeep","|turn|19","|","|move|p2a: Mimikyu|Shadow Sneak|p1a: Excadrill","|-damage|p1a: Excadrill|0 fnt","|-damage|p2a: Mimikyu|145\/251|[from] item: Life Orb","|faint|p1a: Excadrill","|","|upkeep","|","|switch|p1a: Golisopod|Golisopod, F|184\/354","|turn|20","|","|move|p1a: Golisopod|First Impression|p2a: Mimikyu","|-resisted|p2a: Mimikyu","|-damage|p2a: Mimikyu|91\/251","|move|p2a: Mimikyu|Shadow Claw|p1a: Golisopod","|-crit|p1a: Golisopod","|-damage|p1a: Golisopod|0 fnt","|-damage|p2a: Mimikyu|66\/251|[from] item: Life Orb","|faint|p1a: Golisopod","|","|upkeep","|","|switch|p1a: Toxtricity|Toxtricity, F|205\/292","|turn|21","|","|move|p2a: Mimikyu|Shadow Sneak|p1a: Toxtricity","|-damage|p1a: Toxtricity|9\/292","|-damage|p2a: Mimikyu|41\/251|[from] item: Life Orb","|move|p1a: Toxtricity|Overdrive|p2a: Mimikyu","|-damage|p2a: Mimikyu|0 fnt","|faint|p2a: Mimikyu","|","|upkeep","|","|switch|p2a: Darmanitan|Darmanitan-Galar, M|7\/351","|-damage|p2a: Darmanitan|0 fnt|[from] Stealth Rock","|faint|p2a: Darmanitan","|","|switch|p2a: Dragapult|Dragapult, F|317\/317","|-damage|p2a: Dragapult|278\/317|[from] Stealth Rock","|turn|22","|","|move|p2a: Dragapult|Shadow Ball|p1a: Toxtricity","|-damage|p1a: Toxtricity|0 fnt","|faint|p1a: Toxtricity","|","|win|3727","|l|\u26063727","|l|\u260693938","|raw|93938's rating: 1349 &rarr; <strong>1331<\/strong><br \/>(-18 for losing)","|raw|3727's rating: 1398 &rarr; <strong>1416<\/strong><br \/>(+18 for winning)",""],"p1":"93938","p1rating":1369,"p1team":[{"ability":"magicguard","evs":{"atk":0,"def":0,"hp":196,"spa":252,"spd":0,"spe":60},"happiness":100,"item":"lifeorb","ivs":{"atk":0,"def":31,"hp":31,"spa":31,"spd":31,"spe":31},"level":100,"moves":["flamethrower","moonblast","thunderbolt","moonlight"],"name":"Clefable","nature":"Modest","species":"Clefable"},{"ability":"punkrock","evs":{"atk":0,"def":0,"hp":4,"spa":252,"spd":0,"spe":252},"happiness":160,"item":"choicespecs","ivs":{"atk":0,"def":31,"hp":31,"spa":31,"spd":31,"spe":31},"level":100,"moves":["boomburst","overdrive","voltswitch","snarl"],"name":"Toxtricity","nature":"Timid","species":"Toxtricity"},{"ability":"infiltrator","evs":{"atk":0,"def":0,"hp":0,"spa":252,"spd":4,"spe":252},"happiness":160,"item":"choicespecs","ivs":{"atk":31,"def":31,"hp":31,"spa":31,"spd":31,"spe":31},"level":100,"moves":["dracometeor","fireblast","shadowball","uturn"],"name":"Dragapult","nature":"Timid","species":"Dragapult"},{"ability":"moldbreaker","evs":{"atk":252,"def":0,"hp":0,"spa":0,"spd":4,"spe":252},"happiness":160,"item":"focussash","ivs":{"atk":31,"def":31,"hp":31,"spa":31,"spd":31,"spe":31},"level":100,"moves":["earthquake","ironhead","rapidspin","stealthrock"],"name":"Excadrill","nature":"Jolly","species":"Excadrill"},{"ability":"emergencyexit","evs":{"atk":252,"def":0,"hp":252,"spa":0,"spd":4,"spe":0},"happiness":160,"item":"heavydutyboots","ivs":{"atk":31,"def":31,"hp":31,"spa":31,"spd":31,"spe":31},"level":100,"moves":["firstimpression","liquidation","suckerpunch","spikes"],"name":"Golisopod","nature":"Adamant","species":"Golisopod"},{"ability":"magicbounce","evs":{"atk":0,"def":0,"hp":252,"spa":252,"spd":4,"spe":0},"gender":"F","happiness":160,"item":"leftovers","ivs":{"atk":0,"def":31,"hp":31,"spa":31,"spd":31,"spe":0},"level":100,"moves":["dazzlinggleam","psychic","mysticalfire","trickroom"],"name":"Hatterene","nature":"Quiet","species":"Hatterene"}],"p2":"3727","p2rating":1398,"p2team":[{"ability":"gorillatactics","evs":{"atk":252,"def":0,"hp":0,"spa":0,"spd":4,"spe":252},"happiness":160,"item":"choicescarf","ivs":{"atk":31,"def":31,"hp":31,"spa":31,"spd":31,"spe":31},"level":100,"moves":["uturn","earthquake","flareblitz","iciclecrash"],"name":"Darmanitan","nature":"Jolly","species":"darmanitangalar"},{"ability":"pressure","evs":{"atk":4,"def":0,"hp":252,"spa":0,"spd":252,"spe":0},"happiness":160,"item":"leftovers","ivs":{"atk":31,"def":31,"hp":31,"spa":31,"spd":31,"spe":31},"level":100,"moves":["roost","bravebird","bulkup","ironhead"],"name":"Corviknight","nature":"Careful","species":"Corviknight"},{"ability":"stormdrain","evs":{"atk":0,"def":0,"hp":252,"spa":252,"spd":4,"spe":0},"happiness":160,"item":"assaultvest","ivs":{"atk":0,"def":31,"hp":31,"spa":31,"spd":31,"spe":31},"level":100,"moves":["scald","earthpower","icebeam","clearsmog"],"name":"Gastrodon","nature":"Modest","species":"Gastrodon-East"},{"ability":"disguise","evs":{"atk":252,"def":0,"hp":0,"spa":0,"spd":4,"spe":252},"happiness":160,"item":"lifeorb","ivs":{"atk":31,"def":31,"hp":31,"spa":31,"spd":31,"spe":31},"level":100,"moves":["swordsdance","shadowsneak","shadowclaw","playrough"],"name":"Mimikyu","nature":"Jolly","species":"Mimikyu"},{"ability":"shielddust","evs":{"atk":0,"def":0,"hp":0,"spa":252,"spd":4,"spe":252},"happiness":160,"item":"focussash","ivs":{"atk":0,"def":31,"hp":31,"spa":31,"spd":31,"spe":31},"level":100,"moves":["quiverdance","bugbuzz","icebeam","gigadrain"],"name":"Frosmoth","nature":"Modest","species":"Frosmoth"},{"ability":"infiltrator","evs":{"atk":0,"def":0,"hp":0,"spa":252,"spd":4,"spe":252},"happiness":160,"item":"choicespecs","ivs":{"atk":0,"def":31,"hp":31,"spa":31,"spd":31,"spe":31},"level":100,"moves":["fireblast","shadowball","dragonpulse","thunderbolt"],"name":"Dragapult","nature":"Timid","species":"Dragapult"}],"roomid":1016765,"score":[0,2],"seed":[36403,37233,57084,4372],"timestamp":"Sat Dec 28 2019 17:XX","turns":22,"winner":"3727","rated_battle":true,"average_rating":1383}