{"endType":"forfeit","format":"gen8ou","inputLog":[">version aa9f8c6b9cf4eca780a1296832ecd3b0009641e0",">version-origin 5e8529faaa5905c5f8e15eafaaefa806ee8c7d06",">start {\"formatid\":\"gen8ou\",\"seed\":[669,29500,37097,9744],\"rated\":\"Rated battle\"}",">player p1 {\"\"name\":\"30438\",\"rating\":1276}",">player p2 {\"\"name\":\"121821\",\"rating\":1265}",">p1 team 4, 2, 3, 1, 5, 6",">p2 team 4, 2, 3, 1, 5, 6",">p1 move voltswitch",">p2 move fireblast",">p1 switch 6",">p1 move iciclecrash",">p2 switch 3",">p1 switch 3",">p2 move leechseed",">p1 move mysticalfire",">p2 move protect",">p1 move mysticalfire",">p2 switch 5",">p1 move trickroom",">p2 move knockoff",">p1 move psychic",">p2 move firelash",">p1 move psychic",">p2 move firelash",">p1 switch 4",">p1 move hex",">p2 move rest",">p1 move strengthsap",">p2 move sleeptalk"],"log":["|j|\u260630438","|j|\u2606121821","|player|p1|30438|flannery|1276","|player|p2|121821|2|1265","|teamsize|p1|6","|teamsize|p2|6","|gametype|singles","|gen|8","|tier|[Gen 8] OU","|rated|","|rule|Sleep Clause Mod: Limit one foe put to sleep","|rule|Species Clause: Limit one of each Pok\u00e9mon","|rule|OHKO Clause: OHKO moves are banned","|rule|Evasion Moves Clause: Evasion moves are banned","|rule|Endless Battle Clause: Forcing endless battles is banned","|rule|HP Percentage Mod: HP is shown in percentages","|clearpoke","|poke|p1|Corsola-Galar, F|","|poke|p1|Dragapult, F|","|poke|p1|Hatterene, F|","|poke|p1|Rotom-Mow|","|poke|p1|Cinderace, F|","|poke|p1|Darmanitan-Galar, F|","|poke|p2|Bewear, F|","|poke|p2|Hippowdon, F|","|poke|p2|Ferrothorn, F|","|poke|p2|Dragapult, M|","|poke|p2|Centiskorch, F|","|poke|p2|Rotom-Wash|","|rule|Dynamax Clause: You cannot dynamax","|teampreview","|","|start","|switch|p1a: Rotom|Rotom-Mow|241\/241","|switch|p2a: Dragapult|Dragapult, M|317\/317","|turn|1","|","|move|p2a: Dragapult|Fire Blast|p1a: Rotom","|-supereffective|p1a: Rotom","|-damage|p1a: Rotom|0 fnt","|faint|p1a: Rotom","|","|upkeep","|","|switch|p1a: Darmanitan|Darmanitan-Galar, F|351\/351","|turn|2","|","|switch|p2a: Ferrothorn|Ferrothorn, F|352\/352","|move|p1a: Darmanitan|Icicle Crash|p2a: Ferrothorn","|-crit|p2a: Ferrothorn","|-damage|p2a: Ferrothorn|150\/352","|","|-heal|p2a: Ferrothorn|172\/352|[from] item: Leftovers","|upkeep","|turn|3","|","|switch|p1a: Hatterene|Hatterene, F|318\/318","|move|p2a: Ferrothorn|Leech Seed|p1a: Hatterene","|move|p1a: Hatterene|Leech Seed|p2a: Ferrothorn|[from]Magic Bounce","|-immune|p2a: Ferrothorn","|","|-heal|p2a: Ferrothorn|194\/352|[from] item: Leftovers","|upkeep","|turn|4","|","|move|p2a: Ferrothorn|Protect|p2a: Ferrothorn","|-singleturn|p2a: Ferrothorn|Protect","|move|p1a: Hatterene|Mystical Fire|p2a: Ferrothorn","|-activate|p2a: Ferrothorn|move: Protect","|","|-heal|p2a: Ferrothorn|216\/352|[from] item: Leftovers","|upkeep","|turn|5","|","|switch|p2a: Centiskorch|Centiskorch, F|404\/404","|move|p1a: Hatterene|Mystical Fire|p2a: Centiskorch","|-start|p2a: Centiskorch|ability: Flash Fire","|","|upkeep","|turn|6","|","|move|p2a: Centiskorch|Knock Off|p1a: Hatterene","|-damage|p1a: Hatterene|223\/318","|-enditem|p1a: Hatterene|Leftovers|[from] move: Knock Off|[of] p2a: Centiskorch","|move|p1a: Hatterene|Trick Room|p1a: Hatterene","|-fieldstart|move: Trick Room|[of] p1a: Hatterene","|","|upkeep","|turn|7","|","|move|p1a: Hatterene|Psychic|p2a: Centiskorch","|-damage|p2a: Centiskorch|272\/404","|move|p2a: Centiskorch|Fire Lash|p1a: Hatterene","|-damage|p1a: Hatterene|43\/318","|-unboost|p1a: Hatterene|def|1","|","|upkeep","|turn|8","|","|move|p1a: Hatterene|Psychic|p2a: Centiskorch","|-damage|p2a: Centiskorch|140\/404","|move|p2a: Centiskorch|Fire Lash|p1a: Hatterene","|-damage|p1a: Hatterene|0 fnt","|faint|p1a: Hatterene","|","|upkeep","|","|switch|p1a: Corsola|Corsola-Galar, F|324\/324","|turn|9","|","|move|p1a: Corsola|Hex|p2a: Centiskorch","|-damage|p2a: Centiskorch|98\/404","|move|p2a: Centiskorch|Rest|p2a: Centiskorch","|-status|p2a: Centiskorch|slp|[from] move: Rest","|-heal|p2a: Centiskorch|404\/404 slp|[silent]","|","|upkeep","|turn|10","|","|move|p1a: Corsola|Strength Sap|p2a: Centiskorch","|-unboost|p2a: Centiskorch|atk|1","|cant|p2a: Centiskorch|slp","|move|p2a: Centiskorch|Sleep Talk|p2a: Centiskorch","|move|p2a: Centiskorch|Knock Off|p1a: Corsola|[from]Sleep Talk","|-supereffective|p1a: Corsola","|-damage|p1a: Corsola|246\/324","|-enditem|p1a: Corsola|Eviolite|[from] move: Knock Off|[of] p2a: Centiskorch","|","|-fieldend|move: Trick Room","|upkeep","|turn|11","|-message|30438 forfeited.","|","|win|121821","|l|\u260630438","|raw|30438's rating: 1276 &rarr; <strong>1251<\/strong><br \/>(-25 for losing)","|raw|121821's rating: 1265 &rarr; <strong>1291<\/strong><br \/>(+26 for winning)",""],"p1":"30438","p1rating":1276,"p1team":[{"ability":"cursedbody","evs":{"atk":0,"def":0,"hp":252,"spa":4,"spd":252,"spe":0},"happiness":160,"item":"eviolite","ivs":{"atk":0,"def":31,"hp":31,"spa":31,"spd":31,"spe":31},"level":100,"moves":["strengthsap","willowisp","haze","hex"],"name":"Corsola","nature":"Calm","species":"corsolagalar"},{"ability":"infiltrator","evs":{"atk":252,"def":0,"hp":0,"spa":0,"spd":4,"spe":252},"happiness":160,"item":"choiceband","ivs":{"atk":31,"def":31,"hp":31,"spa":31,"spd":31,"spe":31},"level":100,"moves":["dragondarts","psychicfangs","uturn","suckerpunch"],"name":"Dragapult","nature":"Jolly","species":"Dragapult"},{"ability":"magicbounce","evs":{"atk":0,"def":0,"hp":252,"spa":252,"spd":4,"spe":0},"gender":"F","happiness":160,"item":"leftovers","ivs":{"atk":0,"def":31,"hp":31,"spa":31,"spd":31,"spe":31},"level":100,"moves":["psychic","mysticalfire","trickroom","dazzlinggleam"],"name":"Hatterene","nature":"Quiet","species":"Hatterene"},{"ability":"levitate","evs":{"atk":0,"def":0,"hp":0,"spa":252,"spd":4,"spe":252},"gender":"N","happiness":160,"item":"heavydutyboots","ivs":{"atk":0,"def":31,"hp":31,"spa":31,"spd":31,"spe":31},"level":100,"moves":["leafstorm","voltswitch","willowisp","nastyplot"],"name":"Rotom","nature":"Timid","species":"rotommow"},{"ability":"blaze","evs":{"atk":252,"def":0,"hp":0,"spa":0,"spd":4,"spe":252},"happiness":160,"item":"heavydutyboots","ivs":{"atk":31,"def":31,"hp":31,"spa":31,"spd":31,"spe":31},"level":100,"moves":["courtchange","pyroball","highjumpkick","uturn"],"name":"Cinderace","nature":"Jolly","species":"Cinderace"},{"ability":"gorillatactics","evs":{"atk":252,"def":0,"hp":0,"spa":0,"spd":4,"spe":252},"happiness":160,"item":"choicescarf","ivs":{"atk":31,"def":31,"hp":31,"spa":31,"spd":31,"spe":31},"level":100,"moves":["iciclecrash","firepunch","earthquake","uturn"],"name":"Darmanitan","nature":"Jolly","species":"darmanitangalar"}],"p2":"121821","p2rating":1265,"p2team":[{"ability":"fluffy","evs":{"atk":252,"def":0,"hp":0,"spa":0,"spd":4,"spe":252},"happiness":160,"item":"choiceband","ivs":{"atk":31,"def":31,"hp":31,"spa":31,"spd":31,"spe":31},"level":100,"moves":["closecombat","drainpunch","earthquake","darkestlariat"],"name":"Bewear","nature":"Adamant","species":"Bewear"},{"ability":"sandstream","evs":{"atk":8,"def":72,"hp":252,"spa":0,"spd":176,"spe":0},"happiness":160,"item":"leftovers","ivs":{"atk":31,"def":31,"hp":31,"spa":31,"spd":31,"spe":31},"level":100,"moves":["earthquake","slackoff","stealthrock","whirlwind"],"name":"Hippowdon","nature":"Impish","species":"Hippowdon"},{"ability":"ironbarbs","evs":{"atk":0,"def":248,"hp":252,"spa":0,"spd":8,"spe":0},"happiness":160,"item":"leftovers","ivs":{"atk":31,"def":31,"hp":31,"spa":31,"spd":31,"spe":31},"level":100,"moves":["powerwhip","spikes","protect","leechseed"],"name":"Ferrothorn","nature":"Impish","species":"Ferrothorn"},{"ability":"infiltrator","evs":{"atk":0,"def":0,"hp":0,"spa":252,"spd":4,"spe":252},"happiness":160,"item":"choicespecs","ivs":{"atk":31,"def":31,"hp":31,"spa":31,"spd":31,"spe":31},"level":100,"moves":["shadowball","dracometeor","uturn","fireblast"],"name":"Dragapult","nature":"Timid","species":"Dragapult"},{"ability":"flashfire","evs":{"atk":0,"def":0,"hp":252,"spa":0,"spd":236,"spe":20},"happiness":160,"item":"heavydutyboots","ivs":{"atk":31,"def":31,"hp":31,"spa":31,"spd":31,"spe":31},"level":100,"moves":["firelash","knockoff","rest","sleeptalk"],"name":"Centiskorch","nature":"Careful","species":"Centiskorch"},{"ability":"levitate","evs":{"atk":0,"def":0,"hp":248,"spa":44,"spd":0,"spe":216},"gender":"N","happiness":160,"item":"iapapaberry","ivs":{"atk":0,"def":31,"hp":31,"spa":31,"spd":31,"spe":31},"level":100,"moves":["discharge","hydropump","darkpulse","nastyplot"],"name":"Rotom","nature":"Timid","species":"rotomwash"}],"roomid":1016982,"score":[4,6],"seed":[669,29500,37097,9744],"timestamp":"Sat Dec 28 2019 13:XX","turns":11,"winner":"121821","rated_battle":true,"average_rating":1270}