{"endType":"forfeit","format":"gen8ou","inputLog":[">version aa9f8c6b9cf4eca780a1296832ecd3b0009641e0",">version-origin 5e8529faaa5905c5f8e15eafaaefa806ee8c7d06",">start {\"formatid\":\"gen8ou\",\"seed\":[16617,1122,54381,34347],\"rated\":\"Rated battle\"}",">player p1 {\"\"name\":\"120912\",\"rating\":1496}",">player p2 {\"\"name\":\"125994\",\"rating\":1551}",">p1 team 4, 2, 3, 1, 5, 6",">p2 team 2, 1, 3, 4, 5, 6",">p1 move scald",">p2 move uturn",">p2 switch 4",">p1 switch 5",">p2 move uturn",">p2 switch 4",">p1 switch 2",">p2 move iciclecrash",">p1 move knockoff",">p2 switch 6",">p1 switch 3",">p2 move knockoff",">p1 move uturn",">p2 move firelash",">p1 switch 6",">p1 move dragondarts",">p2 move knockoff",">p2 switch 5",">p1 switch 2",">p2 move stealthrock",">p1 move thunderwave",">p2 switch 3",">p1 switch 3",">p2 move toxicspikes",">p1 move leechseed",">p2 switch 2",">p1 switch 6",">p2 switch 2",">p1 move defog",">p2 switch 6",">p1 switch 5",">p2 move iciclecrash",">p1 switch 4",">p1 move fishiousrend",">p2 move iciclecrash"],"log":["|j|\u2606120912","|j|\u2606125994","|player|p1|120912|59|1496","|player|p2|125994|150|1551","|teamsize|p1|6","|teamsize|p2|6","|gametype|singles","|gen|8","|tier|[Gen 8] OU","|rated|","|rule|Sleep Clause Mod: Limit one foe put to sleep","|rule|Species Clause: Limit one of each Pok\u00e9mon","|rule|OHKO Clause: OHKO moves are banned","|rule|Evasion Moves Clause: Evasion moves are banned","|rule|Endless Battle Clause: Forcing endless battles is banned","|rule|HP Percentage Mod: HP is shown in percentages","|clearpoke","|poke|p1|Dracovish|","|poke|p1|Ferrothorn, M|","|poke|p1|Mandibuzz, F|","|poke|p1|Seismitoad, M|","|poke|p1|Togekiss, M|","|poke|p1|Dragapult, F|","|poke|p2|Dragapult, F|","|poke|p2|Darmanitan-Galar, M|","|poke|p2|Toxapex, M|","|poke|p2|Corviknight, F|","|poke|p2|Ferrothorn, F|","|poke|p2|Centiskorch, M|","|rule|Dynamax Clause: You cannot dynamax","|teampreview","|","|start","|switch|p1a: Seismitoad|Seismitoad, M|414\/414","|switch|p2a: Darmanitan|Darmanitan-Galar, M|351\/351","|turn|1","|","|move|p2a: Darmanitan|U-turn|p1a: Seismitoad","|-damage|p1a: Seismitoad|255\/414","|","|switch|p2a: Corviknight|Corviknight, F|400\/400","|-ability|p2a: Corviknight|Pressure","|move|p1a: Seismitoad|Scald|p2a: Corviknight","|-damage|p2a: Corviknight|330\/400","|","|-heal|p1a: Seismitoad|280\/414|[from] item: Leftovers","|-heal|p2a: Corviknight|355\/400|[from] item: Leftovers","|upkeep","|turn|2","|","|switch|p1a: Togekiss|Togekiss, M|311\/311","|move|p2a: Corviknight|U-turn|p1a: Togekiss","|-resisted|p1a: Togekiss","|-damage|p1a: Togekiss|297\/311","|","|switch|p2a: Darmanitan|Darmanitan-Galar, M|351\/351","|","|upkeep","|turn|3","|","|switch|p1a: Ferrothorn|Ferrothorn, M|351\/351","|move|p2a: Darmanitan|Icicle Crash|p1a: Ferrothorn|[miss]","|-miss|p2a: Darmanitan|p1a: Ferrothorn","|","|upkeep","|turn|4","|","|switch|p2a: Centiskorch|Centiskorch, M|404\/404","|move|p1a: Ferrothorn|Knock Off|p2a: Centiskorch","|-damage|p2a: Centiskorch|297\/404","|-enditem|p2a: Centiskorch|Heavy-Duty Boots|[from] move: Knock Off|[of] p1a: Ferrothorn","|","|upkeep","|turn|5","|","|switch|p1a: Mandibuzz|Mandibuzz, F|423\/423","|move|p2a: Centiskorch|Knock Off|p1a: Mandibuzz","|-resisted|p1a: Mandibuzz","|-damage|p1a: Mandibuzz|379\/423","|-enditem|p1a: Mandibuzz|Heavy-Duty Boots|[from] move: Knock Off|[of] p2a: Centiskorch","|","|upkeep","|turn|6","|","|move|p1a: Mandibuzz|U-turn|p2a: Centiskorch","|-resisted|p2a: Centiskorch","|-damage|p2a: Centiskorch|268\/404","|","|switch|p1a: Dragapult|Dragapult, F|317\/317","|move|p2a: Centiskorch|Fire Lash|p1a: Dragapult","|-resisted|p1a: Dragapult","|-damage|p1a: Dragapult|251\/317","|-unboost|p1a: Dragapult|def|1","|","|upkeep","|turn|7","|","|move|p1a: Dragapult|Dragon Darts|p2a: Centiskorch","|-damage|p2a: Centiskorch|121\/404","|-damage|p2a: Centiskorch|0 fnt","|-hitcount|p2a: Centiskorch|2","|faint|p2a: Centiskorch","|","|upkeep","|","|switch|p2a: Ferrothorn|Ferrothorn, F|352\/352","|turn|8","|","|switch|p1a: Togekiss|Togekiss, M|297\/311","|move|p2a: Ferrothorn|Stealth Rock|p1a: Togekiss","|-sidestart120912|move: Stealth Rock","|","|upkeep","|turn|9","|","|switch|p2a: Toxapex|Toxapex, M|304\/304","|move|p1a: Togekiss|Thunder Wave|p2a: Toxapex","|-status|p2a: Toxapex|par","|","|upkeep","|turn|10","|","|switch|p1a: Ferrothorn|Ferrothorn, M|351\/351","|-damage|p1a: Ferrothorn|330\/351|[from] Stealth Rock","|move|p2a: Toxapex|Toxic Spikes|p1a: Ferrothorn","|-sidestart120912|move: Toxic Spikes","|","|-heal|p1a: Ferrothorn|351\/351|[from] item: Leftovers","|upkeep","|turn|11","|","|switch|p2a: Dragapult|Dragapult, F|341\/341","|move|p1a: Ferrothorn|Leech Seed|p2a: Dragapult","|-start|p2a: Dragapult|move: Leech Seed","|","|-damage|p2a: Dragapult|299\/341|[from] Leech Seed|[of] p1a: Ferrothorn","|upkeep","|turn|12","|","|switch|p2a: Toxapex|Toxapex, M|304\/304 par","|switch|p1a: Mandibuzz|Mandibuzz, F|379\/423","|-damage|p1a: Mandibuzz|274\/423|[from] Stealth Rock","|","|upkeep","|turn|13","|","|switch|p2a: Darmanitan|Darmanitan-Galar, M|351\/351","|move|p1a: Mandibuzz|Defog|p2a: Darmanitan","|-unboost|p2a: Darmanitan|evasion|1","|-sideend120912|Toxic Spikes|[from] move: Defog|[of] p1a: Mandibuzz","|-sideend120912|Stealth Rock|[from] move: Defog|[of] p1a: Mandibuzz","|","|upkeep","|turn|14","|","|switch|p1a: Seismitoad|Seismitoad, M|280\/414","|move|p2a: Darmanitan|Icicle Crash|p1a: Seismitoad","|-damage|p1a: Seismitoad|0 fnt","|faint|p1a: Seismitoad","|","|upkeep","|","|switch|p1a: Dracovish|Dracovish|321\/321","|turn|15","|","|move|p1a: Dracovish|Fishious Rend|p2a: Darmanitan","|-damage|p2a: Darmanitan|0 fnt","|faint|p2a: Darmanitan","|","|upkeep","|-message|125994 forfeited.","|","|win|120912","|l|\u2606125994","|raw|120912's rating: 1496 &rarr; <strong>1519<\/strong><br \/>(+23 for winning)","|raw|125994's rating: 1546 &rarr; <strong>1523<\/strong><br \/>(-23 for losing)",""],"p1":"120912","p1rating":1496,"p1team":[{"ability":"strongjaw","evs":{"atk":252,"def":0,"hp":0,"spa":0,"spd":4,"spe":252},"gender":"N","happiness":160,"item":"choicescarf","ivs":{"atk":31,"def":31,"hp":31,"spa":31,"spd":31,"spe":31},"level":100,"moves":["fishiousrend","outrage","psychicfangs","crunch"],"name":"Dracovish","nature":"Jolly","species":"Dracovish"},{"ability":"ironbarbs","evs":{"atk":0,"def":252,"hp":248,"spa":0,"spd":8,"spe":0},"happiness":160,"item":"leftovers","ivs":{"atk":31,"def":31,"hp":31,"spa":31,"spd":31,"spe":10},"level":100,"moves":["ironhead","knockoff","leechseed","spikes"],"name":"Ferrothorn","nature":"Impish","species":"Ferrothorn"},{"ability":"overcoat","evs":{"atk":0,"def":8,"hp":248,"spa":0,"spd":252,"spe":0},"gender":"F","happiness":160,"item":"heavydutyboots","ivs":{"atk":31,"def":31,"hp":31,"spa":31,"spd":31,"spe":31},"level":100,"moves":["foulplay","uturn","roost","defog"],"name":"Mandibuzz","nature":"Careful","species":"Mandibuzz"},{"ability":"waterabsorb","evs":{"atk":4,"def":252,"hp":252,"spa":0,"spd":0,"spe":0},"happiness":160,"item":"leftovers","ivs":{"atk":31,"def":31,"hp":31,"spa":31,"spd":31,"spe":31},"level":100,"moves":["earthquake","scald","toxic","stealthrock"],"name":"Seismitoad","nature":"Impish","species":"Seismitoad"},{"ability":"serenegrace","evs":{"atk":0,"def":0,"hp":0,"spa":252,"spd":4,"spe":252},"happiness":160,"item":"heavydutyboots","ivs":{"atk":0,"def":31,"hp":31,"spa":31,"spd":31,"spe":31},"level":100,"moves":["airslash","fireblast","thunderwave","nastyplot"],"name":"Togekiss","nature":"Timid","species":"Togekiss"},{"ability":"infiltrator","evs":{"atk":252,"def":0,"hp":0,"spa":0,"spd":4,"spe":252},"happiness":160,"item":"dracoplate","ivs":{"atk":31,"def":31,"hp":31,"spa":31,"spd":31,"spe":31},"level":100,"moves":["dragondarts","uturn","suckerpunch","dragondance"],"name":"Dragapult","nature":"Jolly","species":"Dragapult"}],"p2":"125994","p2rating":1551,"p2team":[{"ability":"infiltrator","evs":{"atk":0,"def":16,"hp":96,"spa":184,"spd":0,"spe":212},"happiness":160,"item":"leftovers","ivs":{"atk":31,"def":31,"hp":31,"spa":31,"spd":31,"spe":31},"level":100,"moves":["substitute","willowisp","hex","disable"],"name":"Dragapult","nature":"Timid","species":"Dragapult"},{"ability":"gorillatactics","evs":{"atk":252,"def":0,"hp":0,"spa":0,"spd":4,"spe":252},"happiness":160,"item":"choiceband","ivs":{"atk":31,"def":31,"hp":31,"spa":31,"spd":31,"spe":31},"level":100,"moves":["iciclecrash","flareblitz","earthquake","uturn"],"name":"Darmanitan","nature":"Jolly","species":"darmanitangalar"},{"ability":"regenerator","evs":{"atk":0,"def":252,"hp":252,"spa":0,"spd":4,"spe":0},"happiness":160,"item":"blacksludge","ivs":{"atk":0,"def":31,"hp":31,"spa":31,"spd":31,"spe":31},"level":100,"moves":["scald","recover","haze","toxicspikes"],"name":"Toxapex","nature":"Bold","species":"Toxapex"},{"ability":"pressure","evs":{"atk":0,"def":76,"hp":252,"spa":0,"spd":180,"spe":0},"happiness":160,"item":"leftovers","ivs":{"atk":31,"def":31,"hp":31,"spa":31,"spd":31,"spe":31},"level":100,"moves":["bravebird","roost","defog","uturn"],"name":"Corviknight","nature":"Impish","species":"Corviknight"},{"ability":"ironbarbs","evs":{"atk":0,"def":4,"hp":252,"spa":0,"spd":252,"spe":0},"happiness":160,"item":"leftovers","ivs":{"atk":31,"def":31,"hp":31,"spa":31,"spd":31,"spe":31},"level":100,"moves":["stealthrock","leechseed","ironhead","knockoff"],"name":"Ferrothorn","nature":"Careful","species":"Ferrothorn"},{"ability":"flashfire","evs":{"atk":0,"def":0,"hp":252,"spa":0,"spd":236,"spe":20},"happiness":160,"item":"heavydutyboots","ivs":{"atk":31,"def":31,"hp":31,"spa":31,"spd":31,"spe":31},"level":100,"moves":["firelash","knockoff","rest","sleeptalk"],"name":"Centiskorch","nature":"Careful","species":"Centiskorch"}],"roomid":1018422,"score":[5,4],"seed":[16617,1122,54381,34347],"timestamp":"Sat Dec 28 2019 20:XX","turns":15,"winner":"120912","rated_battle":true,"average_rating":1523}