{"endType":"normal","format":"gen8ou","inputLog":[">version aa9f8c6b9cf4eca780a1296832ecd3b0009641e0",">version-origin 5e8529faaa5905c5f8e15eafaaefa806ee8c7d06",">start {\"formatid\":\"gen8ou\",\"seed\":[32460,62914,16351,430],\"rated\":\"Rated battle\"}",">player p1 {\"\"name\":\"27596\",\"rating\":1225}",">player p2 {\"\"name\":\"134186\",\"rating\":1205}",">p1 team 2, 1, 3, 4, 5, 6",">p2 team 3, 2, 1, 4, 5, 6",">p1 move uturn",">p2 move willowisp",">p1 switch 2",">p1 move spiritbreak",">p2 switch 3",">p1 move drainpunch",">p2 move substitute",">p1 move drainpunch",">p2 move ironhead",">p1 switch 2",">p1 move uturn",">p2 move suckerpunch",">p1 switch 4",">p1 switch 5",">p2 move suckerpunch",">p1 move bulkup",">p2 move swordsdance",">p1 move bravebird",">p2 move ironhead",">p2 switch 6",">p1 move roost",">p2 move pyroball",">p1 move roost",">p2 move pyroball",">p1 move bravebird",">p2 move pyroball",">p1 switch 5",">p1 move fireblast",">p2 switch 2",">p2 switch 3",">p1 switch 3",">p2 move trick",">p1 move stealthrock",">p2 move willowisp",">p1 switch 6",">p2 move trick",">p1 move discharge",">p2 move hydropump",">p2 switch 4",">p1 move voltswitch",">p2 move swordsdance",">p1 switch 6",">p2 switch 5",">p1 move willowisp",">p2 move shellsmash",">p1 switch 6",">p2 move shellsmash",">p1 move voltswitch",">p2 move iciclespear",">p1 switch 6",">p1 move strengthsap",">p2 move shellsmash",">p1 move strengthsap",">p2 move razorshell",">p1 move strengthsap",">p2 move razorshell",">p1 move strengthsap",">p2 move shellsmash",">p1 move strengthsap",">p2 move shellsmash",">p1 move strengthsap",">p2 move iciclespear",">p1 switch 3",">p1 move shadowball",">p2 move rockblast",">p2 switch 2",">p1 move shadowball",">p2 move suckerpunch"],"log":["|j|\u260627596","|j|\u2606134186","|player|p1|27596|169|1225","|player|p2|134186|170|1205","|teamsize|p1|6","|teamsize|p2|6","|gametype|singles","|gen|8","|tier|[Gen 8] OU","|rated|","|rule|Sleep Clause Mod: Limit one foe put to sleep","|rule|Species Clause: Limit one of each Pok\u00e9mon","|rule|OHKO Clause: OHKO moves are banned","|rule|Evasion Moves Clause: Evasion moves are banned","|rule|Endless Battle Clause: Forcing endless battles is banned","|rule|HP Percentage Mod: HP is shown in percentages","|clearpoke","|poke|p1|Grimmsnarl, M|","|poke|p1|Darmanitan-Galar, M|","|poke|p1|Corsola-Galar, F|","|poke|p1|Dragapult, M|","|poke|p1|Corviknight, F|","|poke|p1|Toxtricity, M|","|poke|p2|Bisharp, M|","|poke|p2|Ferrothorn, F|","|poke|p2|Rotom-Wash|","|poke|p2|Hawlucha, M|","|poke|p2|Cloyster, F|","|poke|p2|Cinderace, M|","|rule|Dynamax Clause: You cannot dynamax","|teampreview","|","|start","|switch|p1a: Darmanitan|Darmanitan-Galar, M|352\/352","|switch|p2a: Rotom|Rotom-Wash|242\/242","|turn|1","|","|move|p1a: Darmanitan|U-turn|p2a: Rotom","|-damage|p2a: Rotom|128\/242","|","|switch|p1a: Grimmsnarl|Grimmsnarl, M|394\/394","|move|p2a: Rotom|Will-O-Wisp|p1a: Grimmsnarl","|-status|p1a: Grimmsnarl|brn","|","|-damage|p1a: Grimmsnarl|370\/394 brn|[from] brn","|upkeep","|turn|2","|","|switch|p2a: Bisharp|Bisharp, M|272\/272","|move|p1a: Grimmsnarl|Spirit Break|p2a: Bisharp","|-damage|p2a: Bisharp|197\/272","|-unboost|p2a: Bisharp|spa|1","|-ability|p2a: Bisharp|Defiant","|-boost|p2a: Bisharp|atk|2","|","|-damage|p1a: Grimmsnarl|346\/394 brn|[from] brn","|upkeep","|turn|3","|","|move|p2a: Bisharp|Substitute|p2a: Bisharp","|-start|p2a: Bisharp|Substitute","|-damage|p2a: Bisharp|129\/272","|move|p1a: Grimmsnarl|Drain Punch|p2a: Bisharp","|-supereffective|p2a: Bisharp","|-end|p2a: Bisharp|Substitute","|-heal|p1a: Grimmsnarl|380\/394 brn|[from] drain|[of] p2a: Bisharp","|","|-damage|p1a: Grimmsnarl|356\/394 brn|[from] brn","|upkeep","|turn|4","|","|move|p2a: Bisharp|Iron Head|p1a: Grimmsnarl","|-supereffective|p1a: Grimmsnarl","|-damage|p1a: Grimmsnarl|0 fnt","|faint|p1a: Grimmsnarl","|","|upkeep","|","|switch|p1a: Darmanitan|Darmanitan-Galar, M|352\/352","|turn|5","|","|move|p2a: Bisharp|Sucker Punch|p1a: Darmanitan","|-damage|p1a: Darmanitan|0 fnt","|faint|p1a: Darmanitan","|","|upkeep","|","|switch|p1a: Dragapult|Dragapult, M|318\/318","|turn|6","|","|switch|p1a: Corviknight|Corviknight, F|400\/400","|-ability|p1a: Corviknight|Pressure","|move|p2a: Bisharp|Sucker Punch||[still]","|-fail|p2a: Bisharp","|","|upkeep","|turn|7","|","|move|p2a: Bisharp|Swords Dance|p2a: Bisharp","|-boost|p2a: Bisharp|atk|2","|move|p1a: Corviknight|Bulk Up|p1a: Corviknight","|-boost|p1a: Corviknight|atk|1","|-boost|p1a: Corviknight|def|1","|","|upkeep","|turn|8","|","|move|p2a: Bisharp|Iron Head|p1a: Corviknight","|-resisted|p1a: Corviknight","|-damage|p1a: Corviknight|302\/400","|-damage|p2a: Bisharp|84\/272|[from] item: Rocky Helmet|[of] p1a: Corviknight","|move|p1a: Corviknight|Brave Bird|p2a: Bisharp","|-resisted|p2a: Bisharp","|-damage|p2a: Bisharp|0 fnt","|-damage|p1a: Corviknight|274\/400|[from] Recoil","|faint|p2a: Bisharp","|","|upkeep","|","|switch|p2a: Cinderace|Cinderace, M|302\/302","|turn|9","|","|move|p2a: Cinderace|Pyro Ball|p1a: Corviknight","|-supereffective|p1a: Corviknight","|-damage|p1a: Corviknight|80\/400","|move|p1a: Corviknight|Roost|p1a: Corviknight","|-heal|p1a: Corviknight|280\/400","|-singleturn|p1a: Corviknight|move: Roost","|","|upkeep","|turn|10","|","|move|p2a: Cinderace|Pyro Ball|p1a: Corviknight","|-supereffective|p1a: Corviknight","|-damage|p1a: Corviknight|64\/400","|move|p1a: Corviknight|Roost|p1a: Corviknight","|-heal|p1a: Corviknight|264\/400","|-singleturn|p1a: Corviknight|move: Roost","|","|upkeep","|turn|11","|","|move|p2a: Cinderace|Pyro Ball|p1a: Corviknight","|-supereffective|p1a: Corviknight","|-damage|p1a: Corviknight|60\/400","|move|p1a: Corviknight|Brave Bird|p2a: Cinderace","|-damage|p2a: Cinderace|83\/302","|-damage|p1a: Corviknight|0 fnt|[from] Recoil","|faint|p1a: Corviknight","|","|upkeep","|","|switch|p1a: Dragapult|Dragapult, M|318\/318","|turn|12","|","|switch|p2a: Ferrothorn|Ferrothorn, F|352\/352","|move|p1a: Dragapult|Fire Blast|p2a: Ferrothorn","|-supereffective|p2a: Ferrothorn","|-damage|p2a: Ferrothorn|0 fnt","|faint|p2a: Ferrothorn","|","|upkeep","|","|switch|p2a: Rotom|Rotom-Wash|128\/242","|turn|13","|","|switch|p1a: Corsola|Corsola-Galar, F|324\/324","|move|p2a: Rotom|Trick|p1a: Corsola","|-activate|p2a: Rotom|move: Trick|[of] p1a: Corsola","|-item|p1a: Corsola|Choice Scarf|[from] move: Trick","|-item|p2a: Rotom|Eviolite|[from] move: Trick","|","|upkeep","|turn|14","|","|move|p2a: Rotom|Will-O-Wisp|p1a: Corsola|[miss]","|-miss|p2a: Rotom|p1a: Corsola","|move|p1a: Corsola|Stealth Rock|p2a: Rotom","|-sidestart134186|move: Stealth Rock","|","|upkeep","|turn|15","|","|switch|p1a: Toxtricity|Toxtricity, M|292\/292","|move|p2a: Rotom|Trick|p1a: Toxtricity","|-activate|p2a: Rotom|move: Trick|[of] p1a: Toxtricity","|-item|p1a: Toxtricity|Eviolite|[from] move: Trick","|-item|p2a: Rotom|Focus Sash|[from] move: Trick","|","|upkeep","|turn|16","|","|move|p2a: Rotom|Hydro Pump|p1a: Toxtricity","|-damage|p1a: Toxtricity|33\/292","|move|p1a: Toxtricity|Discharge|p2a: Rotom","|-damage|p2a: Rotom|0 fnt","|faint|p2a: Rotom","|","|upkeep","|","|switch|p2a: Hawlucha|Hawlucha, M|298\/298","|-damage|p2a: Hawlucha|261\/298|[from] Stealth Rock","|turn|17","|","|move|p2a: Hawlucha|Swords Dance|p2a: Hawlucha","|-boost|p2a: Hawlucha|atk|2","|move|p1a: Toxtricity|Volt Switch|p2a: Hawlucha","|-supereffective|p2a: Hawlucha","|-damage|p2a: Hawlucha|0 fnt","|faint|p2a: Hawlucha","|","|switch|p1a: Corsola|Corsola-Galar, F|324\/324","|","|upkeep","|","|switch|p2a: Cloyster|Cloyster, F|242\/242","|-damage|p2a: Cloyster|182\/242|[from] Stealth Rock","|turn|18","|","|move|p2a: Cloyster|Shell Smash|p2a: Cloyster","|-unboost|p2a: Cloyster|def|1","|-unboost|p2a: Cloyster|spd|1","|-boost|p2a: Cloyster|atk|2","|-boost|p2a: Cloyster|spa|2","|-boost|p2a: Cloyster|spe|2","|-enditem|p2a: Cloyster|White Herb","|-clearnegativeboost|p2a: Cloyster|[silent]","|move|p1a: Corsola|Will-O-Wisp|p2a: Cloyster","|-status|p2a: Cloyster|brn","|","|-damage|p2a: Cloyster|167\/242 brn|[from] brn","|upkeep","|turn|19","|","|switch|p1a: Toxtricity|Toxtricity, M|33\/292","|move|p2a: Cloyster|Shell Smash|p2a: Cloyster","|-unboost|p2a: Cloyster|def|1","|-unboost|p2a: Cloyster|spd|1","|-boost|p2a: Cloyster|atk|2","|-boost|p2a: Cloyster|spa|2","|-boost|p2a: Cloyster|spe|2","|","|-damage|p2a: Cloyster|152\/242 brn|[from] brn","|upkeep","|turn|20","|","|move|p2a: Cloyster|Icicle Spear|p1a: Toxtricity","|-damage|p1a: Toxtricity|0 fnt","|-hitcount|p1a: Toxtricity|1","|faint|p1a: Toxtricity","|","|-damage|p2a: Cloyster|137\/242 brn|[from] brn","|upkeep","|","|switch|p1a: Corsola|Corsola-Galar, F|324\/324","|turn|21","|","|move|p2a: Cloyster|Shell Smash|p2a: Cloyster","|-unboost|p2a: Cloyster|def|1","|-unboost|p2a: Cloyster|spd|1","|-boost|p2a: Cloyster|atk|2","|-boost|p2a: Cloyster|spa|2","|-boost|p2a: Cloyster|spe|2","|move|p1a: Corsola|Strength Sap|p2a: Cloyster","|-unboost|p2a: Cloyster|atk|1","|","|-damage|p2a: Cloyster|122\/242 brn|[from] brn","|upkeep","|turn|22","|","|move|p2a: Cloyster|Razor Shell|p1a: Corsola","|-damage|p1a: Corsola|188\/324","|-unboost|p1a: Corsola|def|1","|move|p1a: Corsola|Strength Sap|p2a: Cloyster","|-unboost|p2a: Cloyster|atk|1","|-heal|p1a: Corsola|324\/324","|","|-damage|p2a: Cloyster|107\/242 brn|[from] brn","|upkeep","|turn|23","|","|move|p2a: Cloyster|Razor Shell|p1a: Corsola","|-damage|p1a: Corsola|144\/324","|move|p1a: Corsola|Strength Sap|p2a: Cloyster","|-unboost|p2a: Cloyster|atk|1","|-heal|p1a: Corsola|324\/324","|","|-damage|p2a: Cloyster|92\/242 brn|[from] brn","|upkeep","|turn|24","|","|move|p2a: Cloyster|Shell Smash|p2a: Cloyster","|-unboost|p2a: Cloyster|def|1","|-unboost|p2a: Cloyster|spd|1","|-boost|p2a: Cloyster|atk|2","|-boost|p2a: Cloyster|spa|0","|-boost|p2a: Cloyster|spe|0","|move|p1a: Corsola|Strength Sap|p2a: Cloyster","|-unboost|p2a: Cloyster|atk|1","|","|-damage|p2a: Cloyster|77\/242 brn|[from] brn","|upkeep","|turn|25","|","|move|p2a: Cloyster|Shell Smash|p2a: Cloyster","|-unboost|p2a: Cloyster|def|1","|-unboost|p2a: Cloyster|spd|1","|-boost|p2a: Cloyster|atk|2","|-boost|p2a: Cloyster|spa|0","|-boost|p2a: Cloyster|spe|0","|move|p1a: Corsola|Strength Sap|p2a: Cloyster","|-unboost|p2a: Cloyster|atk|1","|","|-damage|p2a: Cloyster|62\/242 brn|[from] brn","|upkeep","|turn|26","|","|move|p2a: Cloyster|Icicle Spear|p1a: Corsola","|-damage|p1a: Corsola|248\/324","|-damage|p1a: Corsola|174\/324","|-damage|p1a: Corsola|96\/324","|-damage|p1a: Corsola|20\/324","|-damage|p1a: Corsola|0 fnt","|-start|p2a: Cloyster|Disable|Icicle Spear|[from] ability: Cursed Body|[of] p1a: Corsola","|-hitcount|p1a: Corsola|5","|faint|p1a: Corsola","|","|-damage|p2a: Cloyster|47\/242 brn|[from] brn","|upkeep","|","|switch|p1a: Dragapult|Dragapult, M|318\/318","|turn|27","|","|move|p2a: Cloyster|Rock Blast|p1a: Dragapult|[miss]","|-miss|p2a: Cloyster|p1a: Dragapult","|move|p1a: Dragapult|Shadow Ball|p2a: Cloyster","|-damage|p2a: Cloyster|0 fnt","|faint|p2a: Cloyster","|","|upkeep","|","|switch|p2a: Cinderace|Cinderace, M|83\/302","|-damage|p2a: Cinderace|8\/302|[from] Stealth Rock","|turn|28","|","|move|p2a: Cinderace|Sucker Punch|p1a: Dragapult","|-supereffective|p1a: Dragapult","|-damage|p1a: Dragapult|108\/318","|move|p1a: Dragapult|Shadow Ball|p2a: Cinderace","|-damage|p2a: Cinderace|0 fnt","|faint|p2a: Cinderace","|","|win|27596","|raw|27596's rating: 1225 &rarr; <strong>1249<\/strong><br \/>(+24 for winning)","|raw|134186's rating: 1205 &rarr; <strong>1181<\/strong><br \/>(-24 for losing)",""],"p1":"27596","p1rating":1225,"p1team":[{"ability":"prankster","evs":{"atk":252,"def":0,"hp":252,"spa":0,"spd":0,"spe":0},"gender":"M","happiness":160,"item":"assaultvest","ivs":{"atk":31,"def":31,"hp":31,"spa":31,"spd":31,"spe":31},"level":100,"moves":["drainpunch","spiritbreak","fakeout","suckerpunch"],"name":"Grimmsnarl","nature":"Adamant","species":"Grimmsnarl"},{"ability":"gorillatactics","evs":{"atk":252,"def":0,"hp":6,"spa":0,"spd":0,"spe":252},"happiness":160,"item":"choicescarf","ivs":{"atk":31,"def":31,"hp":31,"spa":31,"spd":31,"spe":31},"level":100,"moves":["flareblitz","iciclecrash","uturn","earthquake"],"name":"Darmanitan","nature":"Jolly","species":"darmanitangalar"},{"ability":"cursedbody","evs":{"atk":0,"def":252,"hp":252,"spa":0,"spd":6,"spe":0},"happiness":160,"item":"eviolite","ivs":{"atk":0,"def":31,"hp":31,"spa":31,"spd":31,"spe":31},"level":100,"moves":["stealthrock","strengthsap","willowisp","hex"],"name":"Corsola","nature":"Bold","species":"corsolagalar"},{"ability":"infiltrator","evs":{"atk":0,"def":0,"hp":6,"spa":252,"spd":0,"spe":252},"happiness":160,"item":"choicespecs","ivs":{"atk":0,"def":31,"hp":31,"spa":31,"spd":31,"spe":31},"level":100,"moves":["dracometeor","hydropump","fireblast","shadowball"],"name":"Dragapult","nature":"Timid","species":"Dragapult"},{"ability":"pressure","evs":{"atk":0,"def":252,"hp":252,"spa":0,"spd":6,"spe":0},"happiness":160,"item":"rockyhelmet","ivs":{"atk":31,"def":31,"hp":31,"spa":31,"spd":31,"spe":31},"level":100,"moves":["bravebird","defog","roost","bulkup"],"name":"Corviknight","nature":"Impish","species":"Corviknight"},{"ability":"technician","evs":{"atk":0,"def":0,"hp":6,"spa":252,"spd":0,"spe":252},"happiness":160,"item":"focussash","ivs":{"atk":0,"def":31,"hp":31,"spa":31,"spd":31,"spe":31},"level":100,"moves":["discharge","sludgewave","voltswitch","boomburst"],"name":"Toxtricity","nature":"Modest","species":"Toxtricity"}],"p2":"134186","p2rating":1205,"p2team":[{"ability":"defiant","evs":{"atk":252,"def":0,"hp":6,"spa":0,"spd":0,"spe":252},"happiness":160,"item":"salacberry","ivs":{"atk":31,"def":31,"hp":31,"spa":31,"spd":31,"spe":31},"level":100,"moves":["swordsdance","ironhead","suckerpunch","substitute"],"name":"Bisharp","nature":"Adamant","species":"Bisharp"},{"ability":"ironbarbs","evs":{"atk":0,"def":252,"hp":252,"spa":0,"spd":6,"spe":0},"happiness":160,"item":"leftovers","ivs":{"atk":31,"def":31,"hp":31,"spa":31,"spd":31,"spe":0},"level":100,"moves":["powerwhip","leechseed","thunderwave","gyroball"],"name":"Ferrothorn","nature":"Impish","species":"Ferrothorn"},{"ability":"levitate","evs":{"atk":0,"def":0,"hp":6,"spa":252,"spd":0,"spe":252},"gender":"N","happiness":160,"item":"choicescarf","ivs":{"atk":0,"def":31,"hp":31,"spa":31,"spd":31,"spe":31},"level":100,"moves":["voltswitch","hydropump","trick","willowisp"],"name":"Rotom","nature":"Modest","species":"rotomwash"},{"ability":"unburden","evs":{"atk":252,"def":0,"hp":6,"spa":0,"spd":0,"spe":252},"happiness":160,"item":"redcard","ivs":{"atk":31,"def":31,"hp":31,"spa":31,"spd":31,"spe":31},"level":100,"moves":["acrobatics","drainpunch","swordsdance","firepunch"],"name":"Hawlucha","nature":"Adamant","species":"Hawlucha"},{"ability":"skilllink","evs":{"atk":252,"def":0,"hp":6,"spa":0,"spd":0,"spe":252},"happiness":160,"item":"whiteherb","ivs":{"atk":31,"def":31,"hp":31,"spa":31,"spd":31,"spe":31},"level":100,"moves":["iciclespear","shellsmash","rockblast","razorshell"],"name":"Cloyster","nature":"Adamant","species":"Cloyster"},{"ability":"blaze","evs":{"atk":252,"def":0,"hp":4,"spa":0,"spd":0,"spe":252},"happiness":160,"item":"choicescarf","ivs":{"atk":31,"def":31,"hp":31,"spa":31,"spd":31,"spe":31},"level":100,"moves":["highjumpkick","pyroball","uturn","suckerpunch"],"name":"Cinderace","nature":"Adamant","species":"Cinderace"}],"roomid":1022393,"score":[1,0],"seed":[32460,62914,16351,430],"timestamp":"Sat Dec 28 2019 18:XX","turns":28,"winner":"27596","rated_battle":true,"average_rating":1215}