{"endType":"normal","format":"gen8ou","inputLog":[">version aa9f8c6b9cf4eca780a1296832ecd3b0009641e0",">version-origin 5e8529faaa5905c5f8e15eafaaefa806ee8c7d06",">start {\"formatid\":\"gen8ou\",\"seed\":[48830,47576,38984,3405],\"rated\":\"Rated battle\"}",">player p1 {\"\"name\":\"9774\",\"rating\":1481}",">player p2 {\"\"name\":\"11156\",\"rating\":1518}",">p1 team 5, 2, 3, 4, 1, 6",">p2 team 2, 1, 3, 4, 5, 6",">p1 switch 2",">p2 move stealthrock",">p1 move defog",">p2 switch 2",">p1 move uturn",">p2 move boomburst",">p1 switch 2",">p1 move dracometeor",">p2 switch 2",">p1 switch 2",">p2 move stealthrock",">p1 move defog",">p2 switch 2",">p1 switch 4",">p2 move boomburst",">p1 switch 2",">p2 move boomburst",">p1 move dracometeor",">p2 switch 5",">p1 switch 6",">p2 move uturn",">p2 switch 2",">p1 move flamethrower",">p2 move stealthrock",">p2 switch 5",">p1 switch 2",">p2 move boomburst",">p1 switch 6",">p1 move thunderbolt",">p2 switch 2",">p1 switch 3",">p2 switch 6",">p1 move knockoff",">p2 move uturn",">p2 switch 4",">p1 switch 2",">p2 move drainpunch",">p1 move moonblast",">p2 switch 6",">p2 switch 2",">p1 switch 3",">p2 move overdrive",">p1 move dracometeor",">p2 switch 4",">p2 switch 3",">p1 move dracometeor",">p2 move iciclecrash",">p1 switch 2",">p1 move flareblitz",">p2 move iciclecrash",">p2 switch 6",">p1 switch 3",">p2 move machpunch",">p1 move moonblast",">p2 switch 4",">p1 switch 4",">p2 move overdrive",">p1 switch 3",">p1 move boomburst",">p2 switch 4",">p1 move boomburst",">p2 move machpunch",">p1 switch 4",">p1 move moonblast",">p2 switch 4",">p2 switch 4",">p1 move moonblast",">p2 move earthquake"],"log":["|j|\u26069774","|j|\u260611156","|player|p1|9774|liza|1481","|player|p2|11156|dawn|1518","|teamsize|p1|6","|teamsize|p2|6","|gametype|singles","|gen|8","|tier|[Gen 8] OU","|rated|","|rule|Sleep Clause Mod: Limit one foe put to sleep","|rule|Species Clause: Limit one of each Pok\u00e9mon","|rule|OHKO Clause: OHKO moves are banned","|rule|Evasion Moves Clause: Evasion moves are banned","|rule|Endless Battle Clause: Forcing endless battles is banned","|rule|HP Percentage Mod: HP is shown in percentages","|clearpoke","|poke|p1|Darmanitan-Galar, F|","|poke|p1|Corviknight, F|","|poke|p1|Ditto|","|poke|p1|Seismitoad, M|","|poke|p1|Dragapult, M|","|poke|p1|Clefable, F|","|poke|p2|Toxtricity, F|","|poke|p2|Excadrill, F|","|poke|p2|Darmanitan-Galar, F|","|poke|p2|Conkeldurr, F|","|poke|p2|Mandibuzz, F|","|poke|p2|Dragapult, F|","|rule|Dynamax Clause: You cannot dynamax","|teampreview","|","|start","|switch|p1a: Dragapult|Dragapult, M|317\/317","|switch|p2a: Excadrill|Excadrill, F|361\/361","|-ability|p2a: Excadrill|Mold Breaker","|turn|1","|","|switch|p1a: Corviknight|Corviknight, F|400\/400","|-ability|p1a: Corviknight|Pressure","|move|p2a: Excadrill|Stealth Rock|p1a: Corviknight","|-sidestart9774|move: Stealth Rock","|","|upkeep","|turn|2","|","|switch|p2a: Toxtricity|Toxtricity, F|291\/291","|move|p1a: Corviknight|Defog|p2a: Toxtricity","|-unboost|p2a: Toxtricity|evasion|1","|-sideend9774|Stealth Rock|[from] move: Defog|[of] p1a: Corviknight","|","|upkeep","|turn|3","|","|move|p2a: Toxtricity|Boomburst|p1a: Corviknight","|-resisted|p1a: Corviknight","|-damage|p1a: Corviknight|281\/400","|move|p1a: Corviknight|U-turn|p2a: Toxtricity","|-resisted|p2a: Toxtricity","|-damage|p2a: Toxtricity|260\/291","|","|switch|p1a: Dragapult|Dragapult, M|317\/317","|","|upkeep","|turn|4","|","|switch|p2a: Excadrill|Excadrill, F|361\/361","|-ability|p2a: Excadrill|Mold Breaker","|move|p1a: Dragapult|Draco Meteor|p2a: Excadrill","|-resisted|p2a: Excadrill","|-damage|p2a: Excadrill|133\/361","|-unboost|p1a: Dragapult|spa|2","|","|upkeep","|turn|5","|","|switch|p1a: Corviknight|Corviknight, F|281\/400","|-ability|p1a: Corviknight|Pressure","|move|p2a: Excadrill|Stealth Rock|p1a: Corviknight","|-sidestart9774|move: Stealth Rock","|","|-heal|p1a: Corviknight|306\/400|[from] item: Leftovers","|upkeep","|turn|6","|","|switch|p2a: Toxtricity|Toxtricity, F|260\/291","|move|p1a: Corviknight|Defog|p2a: Toxtricity","|-unboost|p2a: Toxtricity|evasion|1","|-sideend9774|Stealth Rock|[from] move: Defog|[of] p1a: Corviknight","|","|-heal|p1a: Corviknight|331\/400|[from] item: Leftovers","|upkeep","|turn|7","|","|switch|p1a: Seismitoad|Seismitoad, M|414\/414","|move|p2a: Toxtricity|Boomburst|p1a: Seismitoad","|-damage|p1a: Seismitoad|10\/414","|","|-heal|p1a: Seismitoad|35\/414|[from] item: Leftovers","|upkeep","|turn|8","|","|switch|p1a: Dragapult|Dragapult, M|317\/317","|move|p2a: Toxtricity|Boomburst|p1a: Dragapult","|-immune|p1a: Dragapult","|","|upkeep","|turn|9","|","|switch|p2a: Mandibuzz|Mandibuzz, F|424\/424","|move|p1a: Dragapult|Draco Meteor|p2a: Mandibuzz|[miss]","|-miss|p1a: Dragapult|p2a: Mandibuzz","|","|upkeep","|turn|10","|","|switch|p1a: Clefable|Clefable, F|339\/339","|move|p2a: Mandibuzz|U-turn|p1a: Clefable","|-resisted|p1a: Clefable","|-damage|p1a: Clefable|315\/339","|","|switch|p2a: Excadrill|Excadrill, F|133\/361","|-ability|p2a: Excadrill|Mold Breaker","|","|upkeep","|turn|11","|","|move|p2a: Excadrill|Stealth Rock|p1a: Clefable","|-sidestart9774|move: Stealth Rock","|move|p1a: Clefable|Flamethrower|p2a: Excadrill","|-supereffective|p2a: Excadrill","|-damage|p2a: Excadrill|0 fnt","|faint|p2a: Excadrill","|","|upkeep","|","|switch|p2a: Toxtricity|Toxtricity, F|260\/291","|turn|12","|","|switch|p1a: Seismitoad|Seismitoad, M|35\/414","|-damage|p1a: Seismitoad|10\/414|[from] Stealth Rock","|move|p2a: Toxtricity|Boomburst|p1a: Seismitoad","|-damage|p1a: Seismitoad|0 fnt","|faint|p1a: Seismitoad","|","|upkeep","|","|switch|p1a: Dragapult|Dragapult, M|317\/317","|-damage|p1a: Dragapult|278\/317|[from] Stealth Rock","|turn|13","|","|switch|p2a: Mandibuzz|Mandibuzz, F|424\/424","|move|p1a: Dragapult|Thunderbolt|p2a: Mandibuzz","|-supereffective|p2a: Mandibuzz","|-damage|p2a: Mandibuzz|196\/424","|","|upkeep","|turn|14","|","|switch|p1a: Ditto|Ditto|300\/300","|-damage|p1a: Ditto|263\/300|[from] Stealth Rock","|-transform|p1a: Ditto|p2a: Mandibuzz|[from] ability: Imposter","|switch|p2a: Dragapult|Dragapult, F|317\/317","|","|upkeep","|turn|15","|","|move|p2a: Dragapult|U-turn|p1a: Ditto","|-damage|p1a: Ditto|206\/300","|","|switch|p2a: Conkeldurr|Conkeldurr, F|410\/410","|move|p1a: Ditto|Knock Off|p2a: Conkeldurr","|-resisted|p2a: Conkeldurr","|-damage|p2a: Conkeldurr|368\/410","|-enditem|p2a: Conkeldurr|Flame Orb|[from] move: Knock Off|[of] p1a: Ditto","|","|upkeep","|turn|16","|","|switch|p1a: Clefable|Clefable, F|315\/339","|move|p2a: Conkeldurr|Drain Punch|p1a: Clefable","|-resisted|p1a: Clefable","|-damage|p1a: Clefable|220\/339","|-heal|p2a: Conkeldurr|410\/410|[from] drain|[of] p1a: Clefable","|","|upkeep","|turn|17","|","|switch|p2a: Mandibuzz|Mandibuzz, F|196\/424","|move|p1a: Clefable|Moonblast|p2a: Mandibuzz","|-supereffective|p2a: Mandibuzz","|-damage|p2a: Mandibuzz|0 fnt","|faint|p2a: Mandibuzz","|","|upkeep","|","|switch|p2a: Toxtricity|Toxtricity, F|260\/291","|turn|18","|","|switch|p1a: Dragapult|Dragapult, M|278\/317","|-damage|p1a: Dragapult|239\/317|[from] Stealth Rock","|move|p2a: Toxtricity|Overdrive|p1a: Dragapult","|-resisted|p1a: Dragapult","|-damage|p1a: Dragapult|89\/317","|","|upkeep","|turn|19","|","|switch|p2a: Dragapult|Dragapult, F|317\/317","|move|p1a: Dragapult|Draco Meteor|p2a: Dragapult","|-supereffective|p2a: Dragapult","|-crit|p2a: Dragapult","|-damage|p2a: Dragapult|0 fnt","|-unboost|p1a: Dragapult|spa|2","|faint|p2a: Dragapult","|","|upkeep","|","|switch|p2a: Darmanitan|Darmanitan-Galar, F|351\/351","|turn|20","|","|move|p2a: Darmanitan|Icicle Crash|p1a: Dragapult","|-supereffective|p1a: Dragapult","|-damage|p1a: Dragapult|0 fnt","|faint|p1a: Dragapult","|","|upkeep","|","|switch|p1a: Ditto|Ditto|206\/300","|-damage|p1a: Ditto|169\/300|[from] Stealth Rock","|-transform|p1a: Ditto|p2a: Darmanitan|[from] ability: Imposter","|turn|21","|","|move|p1a: Ditto|Flare Blitz|p2a: Darmanitan","|-supereffective|p2a: Darmanitan","|-damage|p2a: Darmanitan|0 fnt","|-damage|p1a: Ditto|53\/300|[from] Recoil","|faint|p2a: Darmanitan","|","|upkeep","|","|switch|p2a: Conkeldurr|Conkeldurr, F|410\/410","|turn|22","|","|switch|p1a: Clefable|Clefable, F|220\/339","|move|p2a: Conkeldurr|Mach Punch|p1a: Clefable","|-resisted|p1a: Clefable","|-damage|p1a: Clefable|168\/339","|","|upkeep","|turn|23","|","|switch|p2a: Toxtricity|Toxtricity, F|260\/291","|move|p1a: Clefable|Moonblast|p2a: Toxtricity","|-resisted|p2a: Toxtricity","|-damage|p2a: Toxtricity|133\/291","|","|upkeep","|turn|24","|","|switch|p1a: Corviknight|Corviknight, F|331\/400","|-damage|p1a: Corviknight|281\/400|[from] Stealth Rock","|-ability|p1a: Corviknight|Pressure","|move|p2a: Toxtricity|Overdrive|p1a: Corviknight","|-supereffective|p1a: Corviknight","|-damage|p1a: Corviknight|0 fnt","|faint|p1a: Corviknight","|","|upkeep","|","|switch|p1a: Ditto|Ditto|53\/300","|-damage|p1a: Ditto|16\/300|[from] Stealth Rock","|-transform|p1a: Ditto|p2a: Toxtricity|[from] ability: Imposter","|turn|25","|","|switch|p2a: Conkeldurr|Conkeldurr, F|410\/410","|move|p1a: Ditto|Boomburst|p2a: Conkeldurr","|-damage|p2a: Conkeldurr|114\/410","|","|upkeep","|turn|26","|","|move|p2a: Conkeldurr|Mach Punch|p1a: Ditto","|-resisted|p1a: Ditto","|-damage|p1a: Ditto|0 fnt","|faint|p1a: Ditto","|","|upkeep","|","|switch|p1a: Clefable|Clefable, F|168\/339","|turn|27","|","|switch|p2a: Toxtricity|Toxtricity, F|133\/291","|move|p1a: Clefable|Moonblast|p2a: Toxtricity","|-resisted|p2a: Toxtricity","|-damage|p2a: Toxtricity|0 fnt","|faint|p2a: Toxtricity","|","|upkeep","|","|switch|p2a: Conkeldurr|Conkeldurr, F|114\/410","|turn|28","|","|move|p1a: Clefable|Moonblast|p2a: Conkeldurr","|-supereffective|p2a: Conkeldurr","|-damage|p2a: Conkeldurr|0 fnt","|faint|p2a: Conkeldurr","|","|win|9774","|raw|9774's rating: 1481 &rarr; <strong>1503<\/strong><br \/>(+22 for winning)","|raw|11156's rating: 1518 &rarr; <strong>1496<\/strong><br \/>(-22 for losing)",""],"p1":"9774","p1rating":1481,"p1team":[{"ability":"gorillatactics","evs":{"atk":252,"def":0,"hp":0,"spa":0,"spd":4,"spe":252},"happiness":160,"item":"choiceband","ivs":{"atk":31,"def":31,"hp":31,"spa":31,"spd":31,"spe":31},"level":100,"moves":["iciclecrash","uturn","flareblitz","earthquake"],"name":"Darmanitan","nature":"Jolly","species":"darmanitangalar"},{"ability":"pressure","evs":{"atk":0,"def":0,"hp":252,"spa":0,"spd":220,"spe":36},"happiness":160,"item":"leftovers","ivs":{"atk":31,"def":31,"hp":31,"spa":31,"spd":31,"spe":31},"level":100,"moves":["taunt","roost","uturn","defog"],"name":"Corviknight","nature":"Careful","species":"Corviknight"},{"ability":"imposter","evs":{"atk":4,"def":252,"hp":252,"spa":0,"spd":0,"spe":0},"gender":"N","happiness":160,"item":"choicescarf","ivs":{"atk":0,"def":31,"hp":31,"spa":31,"spd":31,"spe":0},"level":100,"moves":["transform"],"name":"Ditto","nature":"Relaxed","species":"Ditto"},{"ability":"waterabsorb","evs":{"atk":0,"def":252,"hp":252,"spa":0,"spd":0,"spe":4},"happiness":160,"item":"leftovers","ivs":{"atk":31,"def":31,"hp":31,"spa":31,"spd":31,"spe":31},"level":100,"moves":["earthquake","toxic","protect","stealthrock"],"name":"Seismitoad","nature":"Impish","species":"Seismitoad"},{"ability":"infiltrator","evs":{"atk":0,"def":4,"hp":0,"spa":252,"spd":0,"spe":252},"happiness":160,"item":"choicespecs","ivs":{"atk":0,"def":31,"hp":31,"spa":31,"spd":31,"spe":31},"level":100,"moves":["shadowball","thunderbolt","dracometeor","flamethrower"],"name":"Dragapult","nature":"Modest","species":"Dragapult"},{"ability":"magicguard","evs":{"atk":0,"def":0,"hp":32,"spa":252,"spd":0,"spe":224},"happiness":160,"item":"lifeorb","ivs":{"atk":0,"def":31,"hp":31,"spa":31,"spd":31,"spe":31},"level":100,"moves":["moonblast","thunderbolt","flamethrower","moonlight"],"name":"Clefable","nature":"Modest","species":"Clefable"}],"p2":"11156","p2rating":1518,"p2team":[{"ability":"punkrock","evs":{"atk":0,"def":4,"hp":0,"spa":252,"spd":0,"spe":252},"happiness":160,"item":"choicespecs","ivs":{"atk":0,"def":31,"hp":31,"spa":31,"spd":31,"spe":31},"level":100,"moves":["overdrive","boomburst","sludgewave","voltswitch"],"name":"Toxtricity","nature":"Timid","species":"Toxtricity"},{"ability":"moldbreaker","evs":{"atk":252,"def":4,"hp":0,"spa":0,"spd":0,"spe":252},"happiness":160,"item":"focussash","ivs":{"atk":31,"def":31,"hp":31,"spa":31,"spd":31,"spe":31},"level":100,"moves":["stealthrock","earthquake","rapidspin","rocktomb"],"name":"Excadrill","nature":"Jolly","species":"Excadrill"},{"ability":"gorillatactics","evs":{"atk":252,"def":4,"hp":0,"spa":0,"spd":0,"spe":252},"happiness":160,"item":"choicescarf","ivs":{"atk":31,"def":31,"hp":31,"spa":31,"spd":31,"spe":31},"level":100,"moves":["uturn","iciclecrash","flareblitz","earthquake"],"name":"Darmanitan","nature":"Jolly","species":"darmanitangalar"},{"ability":"guts","evs":{"atk":252,"def":0,"hp":236,"spa":0,"spd":0,"spe":20},"happiness":160,"item":"flameorb","ivs":{"atk":31,"def":31,"hp":31,"spa":31,"spd":31,"spe":31},"level":100,"moves":["drainpunch","machpunch","earthquake","thunderpunch"],"name":"Conkeldurr","nature":"Adamant","species":"Conkeldurr"},{"ability":"overcoat","evs":{"atk":0,"def":4,"hp":252,"spa":0,"spd":252,"spe":0},"gender":"F","happiness":160,"item":"heavydutyboots","ivs":{"atk":31,"def":31,"hp":31,"spa":31,"spd":31,"spe":31},"level":100,"moves":["knockoff","roost","defog","uturn"],"name":"Mandibuzz","nature":"Careful","species":"Mandibuzz"},{"ability":"infiltrator","evs":{"atk":0,"def":0,"hp":0,"spa":252,"spd":4,"spe":252},"happiness":160,"item":"expertbelt","ivs":{"atk":31,"def":31,"hp":31,"spa":31,"spd":31,"spe":31},"level":100,"moves":["dracometeor","shadowball","fireblast","uturn"],"name":"Dragapult","nature":"Timid","species":"Dragapult"}],"roomid":1018803,"score":[2,0],"seed":[48830,47576,38984,3405],"timestamp":"Sat Dec 28 2019 09:XX","turns":28,"winner":"9774","rated_battle":true,"average_rating":1499}