{"endType":"forfeit","format":"gen8ou","inputLog":[">version aa9f8c6b9cf4eca780a1296832ecd3b0009641e0",">version-origin 5e8529faaa5905c5f8e15eafaaefa806ee8c7d06",">start {\"formatid\":\"gen8ou\",\"seed\":[29094,7910,55061,20050],\"rated\":\"Rated battle\"}",">player p1 {\"\"name\":\"32507\",\"rating\":1219}",">player p2 {\"\"name\":\"29621\",\"rating\":1237}",">p1 team 2, 1, 3, 4, 5, 6",">p2 team 6, 2, 3, 4, 5, 1",">p1 move earthquake",">p2 move pyroball",">p1 switch 4",">p1 move earthquake",">p2 switch 2"],"log":["|j|\u260632507","|j|\u260629621","|player|p1|32507|164|1219","|player|p2|29621|lucy-gen3|1237","|teamsize|p1|6","|teamsize|p2|6","|gametype|singles","|gen|8","|tier|[Gen 8] OU","|rated|","|rule|Sleep Clause Mod: Limit one foe put to sleep","|rule|Species Clause: Limit one of each Pok\u00e9mon","|rule|OHKO Clause: OHKO moves are banned","|rule|Evasion Moves Clause: Evasion moves are banned","|rule|Endless Battle Clause: Forcing endless battles is banned","|rule|HP Percentage Mod: HP is shown in percentages","|clearpoke","|poke|p1|Shuckle, F|","|poke|p1|Darmanitan-Galar, M|","|poke|p1|Dracovish|","|poke|p1|Excadrill, M|","|poke|p1|Ludicolo, F|","|poke|p1|Pelipper, F|","|poke|p2|Hatterene, F|","|poke|p2|Mandibuzz, F|","|poke|p2|Ditto|","|poke|p2|Dragapult, F|","|poke|p2|Seismitoad, M|","|poke|p2|Cinderace, M|","|rule|Dynamax Clause: You cannot dynamax","|teampreview","|","|start","|switch|p1a: Darmanitan|Darmanitan-Galar, M|351\/351","|switch|p2a: Neymar.jr|Cinderace, M|301\/301","|turn|1","|","|move|p2a: Neymar.jr|Pyro Ball|p1a: Darmanitan","|-supereffective|p1a: Darmanitan","|-damage|p1a: Darmanitan|0 fnt","|faint|p1a: Darmanitan","|","|upkeep","|","|switch|p1a: Excadrill|Excadrill, M|361\/361","|-ability|p1a: Excadrill|Mold Breaker","|turn|2","|","|switch|p2a: Cruela V|Mandibuzz, F|423\/423","|move|p1a: Excadrill|Earthquake|p2a: Cruela V","|-immune|p2a: Cruela V","|","|upkeep","|turn|3","|-message|32507 forfeited.","|","|win|29621","|l|\u260632507","|l|\u260629621","|raw|32507's rating: 1219 &rarr; <strong>1195<\/strong><br \/>(-24 for losing)","|raw|29621's rating: 1237 &rarr; <strong>1260<\/strong><br \/>(+23 for winning)",""],"p1":"32507","p1rating":1219,"p1team":[{"ability":"sturdy","evs":{"atk":0,"def":131,"hp":252,"spa":0,"spd":125,"spe":0},"gender":"F","happiness":160,"item":"rockyhelmet","ivs":{"atk":0,"def":31,"hp":31,"spa":31,"spd":31,"spe":31},"level":100,"moves":["stickyweb","stealthrock","protect","toxic"],"name":"Shuckle","nature":"Impish","species":"Shuckle"},{"ability":"gorillatactics","evs":{"atk":252,"def":0,"hp":0,"spa":0,"spd":0,"spe":252},"gender":"M","happiness":160,"item":"choicescarf","ivs":{"atk":31,"def":31,"hp":31,"spa":31,"spd":31,"spe":31},"level":100,"moves":["iciclecrash","flareblitz","earthquake","uturn"],"name":"Darmanitan","nature":"Jolly","species":"darmanitangalar"},{"ability":"strongjaw","evs":{"atk":252,"def":0,"hp":0,"spa":0,"spd":0,"spe":252},"gender":"N","happiness":160,"item":"choiceband","ivs":{"atk":31,"def":31,"hp":31,"spa":31,"spd":31,"spe":31},"level":100,"moves":["fishiousrend","crunch","icefang","psychicfangs"],"name":"Dracovish","nature":"Adamant","species":"Dracovish"},{"ability":"moldbreaker","evs":{"atk":252,"def":0,"hp":0,"spa":0,"spd":0,"spe":252},"gender":"M","happiness":160,"item":"lifeorb","ivs":{"atk":31,"def":31,"hp":31,"spa":31,"spd":31,"spe":31},"level":100,"moves":["earthquake","rapidspin","ironhead","swordsdance"],"name":"Excadrill","nature":"Jolly","species":"Excadrill"},{"ability":"swiftswim","evs":{"atk":0,"def":0,"hp":0,"spa":252,"spd":0,"spe":252},"gender":"F","happiness":160,"item":"leftovers","ivs":{"atk":0,"def":31,"hp":31,"spa":31,"spd":31,"spe":31},"level":100,"moves":["gigadrain","icebeam","raindance","surf"],"name":"Ludicolo","nature":"Modest","shiny":true,"species":"Ludicolo"},{"ability":"drizzle","evs":{"atk":0,"def":0,"hp":0,"spa":252,"spd":0,"spe":252},"gender":"F","happiness":160,"item":"damprock","ivs":{"atk":31,"def":31,"hp":31,"spa":31,"spd":31,"spe":31},"level":100,"moves":["hurricane","scald","roost","knockoff"],"name":"Pelipper","nature":"Timid","species":"Pelipper"}],"p2":"29621","p2rating":1237,"p2team":[{"ability":"magicbounce","evs":{"atk":0,"def":0,"hp":252,"spa":252,"spd":4,"spe":0},"gender":"F","happiness":160,"item":"leftovers","ivs":{"atk":0,"def":31,"hp":31,"spa":31,"spd":31,"spe":0},"level":100,"moves":["dazzlinggleam","mysticalfire","trickroom","psychic"],"name":"Dorothy","nature":"Quiet","species":"Hatterene"},{"ability":"overcoat","evs":{"atk":0,"def":252,"hp":248,"spa":8,"spd":0,"spe":0},"gender":"F","happiness":160,"item":"heavydutyboots","ivs":{"atk":0,"def":31,"hp":31,"spa":31,"spd":31,"spe":31},"level":100,"moves":["foulplay","defog","roost","toxic"],"name":"Cruela V","nature":"Bold","species":"mandibuzz"},{"ability":"imposter","evs":{"atk":8,"def":252,"hp":248,"spa":0,"spd":0,"spe":0},"gender":"N","happiness":160,"item":"choicescarf","ivs":{"atk":0,"def":31,"hp":31,"spa":31,"spd":31,"spe":31},"level":100,"moves":["transform"],"name":"You do i Do","nature":"Impish","species":"ditto"},{"ability":"infiltrator","evs":{"atk":0,"def":0,"hp":0,"spa":252,"spd":4,"spe":252},"gender":"F","happiness":160,"item":"lifeorb","ivs":{"atk":31,"def":31,"hp":31,"spa":31,"spd":31,"spe":31},"level":100,"moves":["uturn","fireblast","dracometeor","thunderbolt"],"name":"DragaPuta","nature":"Timid","species":"dragapult"},{"ability":"waterabsorb","evs":{"atk":4,"def":252,"hp":252,"spa":0,"spd":0,"spe":0},"gender":"M","happiness":160,"item":"leftovers","ivs":{"atk":31,"def":31,"hp":31,"spa":31,"spd":31,"spe":31},"level":100,"moves":["stealthrock","scald","earthquake","toxic"],"name":"FROG","nature":"Impish","shiny":true,"species":"seismitoad"},{"ability":"blaze","evs":{"atk":252,"def":0,"hp":0,"spa":0,"spd":4,"spe":252},"gender":"M","happiness":160,"item":"choicescarf","ivs":{"atk":31,"def":31,"hp":31,"spa":31,"spd":31,"spe":31},"level":100,"moves":["pyroball","uturn","highjumpkick","gunkshot"],"name":"Neymar.jr","nature":"Jolly","species":"cinderace"}],"roomid":1018452,"score":[5,6],"seed":[29094,7910,55061,20050],"timestamp":"Sat Dec 28 2019 18:XX","turns":3,"winner":"29621","rated_battle":true,"average_rating":1228}