{"endType":"forfeit","format":"gen8ou","inputLog":[">version aa9f8c6b9cf4eca780a1296832ecd3b0009641e0",">version-origin 5e8529faaa5905c5f8e15eafaaefa806ee8c7d06",">start {\"formatid\":\"gen8ou\",\"seed\":[41415,57726,31429,12934],\"rated\":\"Rated battle\"}",">player p1 {\"\"name\":\"30438\",\"rating\":1232}",">player p2 {\"\"name\":\"124756\",\"rating\":1202}",">p1 team 1, 2, 3, 4, 5, 6",">p2 team 3, 2, 1, 4, 5, 6",">p1 switch 6",">p2 switch 6",">p1 switch 4",">p2 move shadowball",">p1 move foulplay",">p2 switch 3",">p1 move foulplay",">p2 move drainpunch",">p1 switch 2",">p2 move drainpunch",">p1 move willowisp",">p2 switch 5",">p1 move strengthsap",">p2 move crunch",">p1 move willowisp",">p2 switch 2",">p1 switch 6",">p2 move thunderwave",">p1 move thunderwave",">p2 move substitute",">p1 move airslash",">p2 move airslash",">p1 move airslash",">p2 move substitute",">p1 move airslash",">p2 move airslash",">p1 move airslash",">p2 move airslash",">p1 move airslash",">p2 move airslash",">p1 switch 5",">p1 move voltswitch",">p2 switch 2",">p1 switch 2",">p1 move roost",">p2 move fishiousrend",">p1 move foulplay",">p2 move fishiousrend",">p2 switch 5",">p1 switch 6",">p2 move earthquake",">p1 move strengthsap",">p2 switch 2",">p1 switch 2",">p2 move thunderwave",">p1 move voltswitch",">p2 move airslash",">p1 switch 2",">p2 switch 3",">p1 move strengthsap",">p2 move shadowball",">p1 switch 6",">p2 move fireblast",">p1 move roost",">p2 move thunderbolt",">p1 move foulplay",">p2 move thunderbolt",">p1 move foulplay",">p2 move thunderbolt",">p1 switch 6",">p1 move hex",">p2 move dracometeor",">p1 move strengthsap",">p2 switch 4",">p1 move willowisp",">p2 move throatchop",">p1 move strengthsap",">p2 move swordsdance",">p1 move haze",">p2 move suckerpunch"],"log":["|j|\u260630438","|j|\u2606124756","|player|p1|30438|flannery|1232","|player|p2|124756|267|1202","|teamsize|p1|6","|teamsize|p2|6","|gametype|singles","|gen|8","|tier|[Gen 8] OU","|rated|","|rule|Sleep Clause Mod: Limit one foe put to sleep","|rule|Species Clause: Limit one of each Pok\u00e9mon","|rule|OHKO Clause: OHKO moves are banned","|rule|Evasion Moves Clause: Evasion moves are banned","|rule|Endless Battle Clause: Forcing endless battles is banned","|rule|HP Percentage Mod: HP is shown in percentages","|clearpoke","|poke|p1|Ditto|","|poke|p1|Corsola-Galar, F|","|poke|p1|Dragapult, M|","|poke|p1|Mandibuzz, F|","|poke|p1|Rotom-Heat|","|poke|p1|Hatterene, F|","|poke|p2|Conkeldurr, M|","|poke|p2|Togekiss, M|","|poke|p2|Toxapex, F|","|poke|p2|Bisharp, M|","|poke|p2|Dracovish|","|poke|p2|Dragapult, F|","|rule|Dynamax Clause: You cannot dynamax","|teampreview","|","|start","|switch|p1a: Ditto|Ditto|299\/299","|switch|p2a: Toxapex|Toxapex, F|304\/304","|-transform|p1a: Ditto|p2a: Toxapex|[from] ability: Imposter","|turn|1","|","|switch|p1a: Hatterene|Hatterene, F|318\/318","|switch|p2a: Dragapult|Dragapult, F|317\/317","|","|upkeep","|turn|2","|","|switch|p1a: Mandibuzz|Mandibuzz, F|424\/424","|move|p2a: Dragapult|Shadow Ball|p1a: Mandibuzz","|-resisted|p1a: Mandibuzz","|-damage|p1a: Mandibuzz|364\/424","|-unboost|p1a: Mandibuzz|spd|1","|","|-heal|p1a: Mandibuzz|390\/424|[from] item: Leftovers","|upkeep","|turn|3","|","|switch|p2a: Conkeldurr|Conkeldurr, M|414\/414","|move|p1a: Mandibuzz|Foul Play|p2a: Conkeldurr","|-resisted|p2a: Conkeldurr","|-damage|p2a: Conkeldurr|310\/414","|","|-heal|p1a: Mandibuzz|416\/424|[from] item: Leftovers","|upkeep","|turn|4","|","|move|p1a: Mandibuzz|Foul Play|p2a: Conkeldurr","|-resisted|p2a: Conkeldurr","|-damage|p2a: Conkeldurr|208\/414","|move|p2a: Conkeldurr|Drain Punch|p1a: Mandibuzz","|-damage|p1a: Mandibuzz|256\/424","|-heal|p2a: Conkeldurr|288\/414|[from] drain|[of] p1a: Mandibuzz","|-damage|p2a: Conkeldurr|247\/414|[from] item: Life Orb","|","|-heal|p1a: Mandibuzz|282\/424|[from] item: Leftovers","|upkeep","|turn|5","|","|switch|p1a: Corsola|Corsola-Galar, F|324\/324","|move|p2a: Conkeldurr|Drain Punch|p1a: Corsola","|-immune|p1a: Corsola","|","|upkeep","|turn|6","|","|switch|p2a: Dracovish|Dracovish|321\/321","|move|p1a: Corsola|Will-O-Wisp|p2a: Dracovish","|-status|p2a: Dracovish|brn","|","|-damage|p2a: Dracovish|301\/321 brn|[from] brn","|upkeep","|turn|7","|","|move|p2a: Dracovish|Crunch|p1a: Corsola","|-supereffective|p1a: Corsola","|-damage|p1a: Corsola|248\/324","|move|p1a: Corsola|Strength Sap|p2a: Dracovish","|-unboost|p2a: Dracovish|atk|1","|-heal|p1a: Corsola|324\/324","|","|-damage|p2a: Dracovish|281\/321 brn|[from] brn","|upkeep","|turn|8","|","|switch|p2a: Togekiss|Togekiss, M|311\/311","|move|p1a: Corsola|Will-O-Wisp|p2a: Togekiss","|-status|p2a: Togekiss|brn","|","|-damage|p2a: Togekiss|292\/311 brn|[from] brn","|upkeep","|turn|9","|","|switch|p1a: Ditto|Ditto|299\/299","|-transform|p1a: Ditto|p2a: Togekiss|[from] ability: Imposter","|move|p2a: Togekiss|Thunder Wave|p1a: Ditto","|-status|p1a: Ditto|par","|","|-heal|p2a: Togekiss|311\/311 brn|[from] item: Leftovers","|-damage|p2a: Togekiss|292\/311 brn|[from] brn","|upkeep","|turn|10","|","|move|p2a: Togekiss|Substitute|p2a: Togekiss","|-start|p2a: Togekiss|Substitute","|-damage|p2a: Togekiss|215\/311 brn","|cant|p1a: Ditto|par","|","|-heal|p2a: Togekiss|234\/311 brn|[from] item: Leftovers","|-damage|p2a: Togekiss|215\/311 brn|[from] brn","|upkeep","|turn|11","|","|move|p2a: Togekiss|Air Slash|p1a: Ditto|[miss]","|-miss|p2a: Togekiss|p1a: Ditto","|move|p1a: Ditto|Air Slash|p2a: Togekiss","|-end|p2a: Togekiss|Substitute","|","|-heal|p2a: Togekiss|234\/311 brn|[from] item: Leftovers","|-damage|p2a: Togekiss|215\/311 brn|[from] brn","|upkeep","|turn|12","|","|move|p2a: Togekiss|Substitute|p2a: Togekiss","|-start|p2a: Togekiss|Substitute","|-damage|p2a: Togekiss|138\/311 brn","|move|p1a: Ditto|Air Slash|p2a: Togekiss","|-end|p2a: Togekiss|Substitute","|","|-heal|p2a: Togekiss|157\/311 brn|[from] item: Leftovers","|-damage|p2a: Togekiss|138\/311 brn|[from] brn","|upkeep","|turn|13","|","|move|p2a: Togekiss|Air Slash|p1a: Ditto","|-damage|p1a: Ditto|167\/299 par","|cant|p1a: Ditto|flinch","|","|-heal|p2a: Togekiss|157\/311 brn|[from] item: Leftovers","|-damage|p2a: Togekiss|138\/311 brn|[from] brn","|upkeep","|turn|14","|","|move|p2a: Togekiss|Air Slash|p1a: Ditto","|-damage|p1a: Ditto|41\/299 par","|cant|p1a: Ditto|flinch","|","|-heal|p2a: Togekiss|157\/311 brn|[from] item: Leftovers","|-damage|p2a: Togekiss|138\/311 brn|[from] brn","|upkeep","|turn|15","|","|move|p2a: Togekiss|Air Slash|p1a: Ditto","|-damage|p1a: Ditto|0 fnt","|faint|p1a: Ditto","|","|-heal|p2a: Togekiss|157\/311 brn|[from] item: Leftovers","|-damage|p2a: Togekiss|138\/311 brn|[from] brn","|upkeep","|","|switch|p1a: Rotom|Rotom-Heat|241\/241","|turn|16","|","|switch|p2a: Dracovish|Dracovish|281\/321 brn","|move|p1a: Rotom|Volt Switch|p2a: Dracovish","|-damage|p2a: Dracovish|149\/321 brn","|","|switch|p1a: Mandibuzz|Mandibuzz, F|282\/424","|","|-heal|p1a: Mandibuzz|308\/424|[from] item: Leftovers","|-damage|p2a: Dracovish|129\/321 brn|[from] brn","|upkeep","|turn|17","|","|move|p2a: Dracovish|Fishious Rend|p1a: Mandibuzz","|-damage|p1a: Mandibuzz|185\/424","|move|p1a: Mandibuzz|Roost|p1a: Mandibuzz","|-heal|p1a: Mandibuzz|397\/424","|-singleturn|p1a: Mandibuzz|move: Roost","|","|-heal|p1a: Mandibuzz|423\/424|[from] item: Leftovers","|-damage|p2a: Dracovish|109\/321 brn|[from] brn","|upkeep","|turn|18","|","|move|p2a: Dracovish|Fishious Rend|p1a: Mandibuzz","|-damage|p1a: Mandibuzz|306\/424","|move|p1a: Mandibuzz|Foul Play|p2a: Dracovish","|-damage|p2a: Dracovish|0 fnt","|faint|p2a: Dracovish","|","|-heal|p1a: Mandibuzz|332\/424|[from] item: Leftovers","|upkeep","|","|switch|p2a: Conkeldurr|Conkeldurr, M|247\/414","|turn|19","|","|switch|p1a: Corsola|Corsola-Galar, F|324\/324","|move|p2a: Conkeldurr|Earthquake|p1a: Corsola","|-damage|p1a: Corsola|211\/324","|-damage|p2a: Conkeldurr|206\/414|[from] item: Life Orb","|","|upkeep","|turn|20","|","|switch|p2a: Togekiss|Togekiss, M|138\/311 brn","|move|p1a: Corsola|Strength Sap|p2a: Togekiss","|-unboost|p2a: Togekiss|atk|1","|-heal|p1a: Corsola|305\/324","|","|-heal|p2a: Togekiss|157\/311 brn|[from] item: Leftovers","|-damage|p2a: Togekiss|138\/311 brn|[from] brn","|upkeep","|turn|21","|","|switch|p1a: Rotom|Rotom-Heat|241\/241","|move|p2a: Togekiss|Thunder Wave|p1a: Rotom","|-immune|p1a: Rotom","|","|-heal|p2a: Togekiss|157\/311 brn|[from] item: Leftovers","|-damage|p2a: Togekiss|138\/311 brn|[from] brn","|upkeep","|turn|22","|","|move|p1a: Rotom|Volt Switch|p2a: Togekiss","|-supereffective|p2a: Togekiss","|-damage|p2a: Togekiss|0 fnt","|faint|p2a: Togekiss","|","|switch|p1a: Corsola|Corsola-Galar, F|305\/324","|","|upkeep","|","|switch|p2a: Dragapult|Dragapult, F|317\/317","|turn|23","|","|move|p2a: Dragapult|Shadow Ball|p1a: Corsola","|-supereffective|p1a: Corsola","|-damage|p1a: Corsola|197\/324","|move|p1a: Corsola|Strength Sap|p2a: Dragapult","|-unboost|p2a: Dragapult|atk|1","|-heal|p1a: Corsola|324\/324","|","|upkeep","|turn|24","|","|switch|p1a: Mandibuzz|Mandibuzz, F|332\/424","|move|p2a: Dragapult|Fire Blast|p1a: Mandibuzz","|-damage|p1a: Mandibuzz|214\/424","|-status|p1a: Mandibuzz|brn","|","|-heal|p1a: Mandibuzz|240\/424 brn|[from] item: Leftovers","|-damage|p1a: Mandibuzz|214\/424 brn|[from] brn","|upkeep","|turn|25","|","|move|p2a: Dragapult|Thunderbolt|p1a: Mandibuzz","|-supereffective|p1a: Mandibuzz","|-damage|p1a: Mandibuzz|12\/424 brn","|move|p1a: Mandibuzz|Roost|p1a: Mandibuzz","|-heal|p1a: Mandibuzz|224\/424 brn","|-singleturn|p1a: Mandibuzz|move: Roost","|","|-heal|p1a: Mandibuzz|250\/424 brn|[from] item: Leftovers","|-damage|p1a: Mandibuzz|224\/424 brn|[from] brn","|upkeep","|turn|26","|","|move|p2a: Dragapult|Thunderbolt|p1a: Mandibuzz","|-supereffective|p1a: Mandibuzz","|-damage|p1a: Mandibuzz|34\/424 brn","|move|p1a: Mandibuzz|Foul Play|p2a: Dragapult","|-supereffective|p2a: Dragapult","|-crit|p2a: Dragapult","|-damage|p2a: Dragapult|106\/317","|","|-heal|p1a: Mandibuzz|60\/424 brn|[from] item: Leftovers","|-damage|p1a: Mandibuzz|34\/424 brn|[from] brn","|upkeep","|turn|27","|","|move|p2a: Dragapult|Thunderbolt|p1a: Mandibuzz","|-supereffective|p1a: Mandibuzz","|-crit|p1a: Mandibuzz","|-damage|p1a: Mandibuzz|0 fnt","|faint|p1a: Mandibuzz","|","|upkeep","|","|switch|p1a: Corsola|Corsola-Galar, F|324\/324","|turn|28","|","|move|p2a: Dragapult|Draco Meteor|p1a: Corsola","|-damage|p1a: Corsola|239\/324","|-unboost|p2a: Dragapult|spa|2","|move|p1a: Corsola|Hex|p2a: Dragapult","|-supereffective|p2a: Dragapult","|-damage|p2a: Dragapult|16\/317","|","|upkeep","|turn|29","|","|switch|p2a: Bisharp|Bisharp, M|334\/334","|move|p1a: Corsola|Strength Sap|p2a: Bisharp","|-unboost|p2a: Bisharp|atk|1","|-ability|p2a: Bisharp|Defiant","|-boost|p2a: Bisharp|atk|2","|-heal|p1a: Corsola|324\/324","|","|upkeep","|turn|30","|","|move|p2a: Bisharp|Throat Chop|p1a: Corsola","|-supereffective|p1a: Corsola","|-damage|p1a: Corsola|24\/324","|-start|p2a: Bisharp|Disable|Throat Chop|[from] ability: Cursed Body|[of] p1a: Corsola","|-start|p1a: Corsola|Throat Chop|[silent]","|move|p1a: Corsola|Will-O-Wisp|p2a: Bisharp","|-status|p2a: Bisharp|brn","|","|-damage|p2a: Bisharp|314\/334 brn|[from] brn","|upkeep","|turn|31","|","|move|p2a: Bisharp|Swords Dance|p2a: Bisharp","|-boost|p2a: Bisharp|atk|2","|move|p1a: Corsola|Strength Sap|p2a: Bisharp","|-unboost|p2a: Bisharp|atk|1","|-ability|p2a: Bisharp|Defiant","|-boost|p2a: Bisharp|atk|2","|-heal|p1a: Corsola|324\/324","|","|-damage|p2a: Bisharp|294\/334 brn|[from] brn","|-end|p1a: Corsola|Throat Chop|[silent]","|upkeep","|turn|32","|","|move|p2a: Bisharp|Sucker Punch||[still]","|-fail|p2a: Bisharp","|move|p1a: Corsola|Haze|p1a: Corsola","|-clearallboost","|","|-damage|p2a: Bisharp|274\/334 brn|[from] brn","|upkeep","|turn|33","|-message|124756 forfeited.","|","|win|30438","|l|\u2606124756","|raw|30438's rating: 1232 &rarr; <strong>1255<\/strong><br \/>(+23 for winning)","|raw|124756's rating: 1202 &rarr; <strong>1179<\/strong><br \/>(-23 for losing)",""],"p1":"30438","p1rating":1232,"p1team":[{"ability":"imposter","evs":{"atk":8,"def":252,"hp":248,"spa":0,"spd":0,"spe":0},"gender":"N","happiness":160,"item":"choicescarf","ivs":{"atk":0,"def":31,"hp":31,"spa":31,"spd":31,"spe":31},"level":100,"moves":["transform"],"name":"Ditto","nature":"Impish","species":"Ditto"},{"ability":"cursedbody","evs":{"atk":0,"def":0,"hp":252,"spa":4,"spd":252,"spe":0},"happiness":160,"item":"eviolite","ivs":{"atk":0,"def":31,"hp":31,"spa":31,"spd":31,"spe":31},"level":100,"moves":["strengthsap","willowisp","haze","hex"],"name":"Corsola","nature":"Calm","species":"corsolagalar"},{"ability":"infiltrator","evs":{"atk":252,"def":0,"hp":0,"spa":0,"spd":4,"spe":252},"happiness":160,"item":"choiceband","ivs":{"atk":31,"def":31,"hp":31,"spa":31,"spd":31,"spe":31},"level":100,"moves":["dragondarts","psychicfangs","uturn","suckerpunch"],"name":"Dragapult","nature":"Jolly","species":"Dragapult"},{"ability":"overcoat","evs":{"atk":0,"def":252,"hp":252,"spa":0,"spd":4,"spe":0},"gender":"F","happiness":160,"item":"leftovers","ivs":{"atk":31,"def":31,"hp":31,"spa":31,"spd":31,"spe":31},"level":100,"moves":["defog","foulplay","roost","uturn"],"name":"Mandibuzz","nature":"Bold","species":"Mandibuzz"},{"ability":"levitate","evs":{"atk":0,"def":0,"hp":0,"spa":252,"spd":4,"spe":252},"gender":"N","happiness":160,"item":"heavydutyboots","ivs":{"atk":0,"def":31,"hp":31,"spa":31,"spd":31,"spe":31},"level":100,"moves":["overheat","voltswitch","trick","nastyplot"],"name":"Rotom","nature":"Timid","species":"rotomheat"},{"ability":"magicbounce","evs":{"atk":0,"def":0,"hp":252,"spa":252,"spd":4,"spe":0},"gender":"F","happiness":160,"item":"leftovers","ivs":{"atk":0,"def":31,"hp":31,"spa":31,"spd":31,"spe":31},"level":100,"moves":["psychic","mysticalfire","trickroom","dazzlinggleam"],"name":"Hatterene","nature":"Quiet","species":"Hatterene"}],"p2":"124756","p2rating":1202,"p2team":[{"ability":"ironfist","evs":{"atk":252,"def":0,"hp":252,"spa":0,"spd":4,"spe":0},"happiness":160,"item":"lifeorb","ivs":{"atk":31,"def":31,"hp":31,"spa":31,"spd":31,"spe":31},"level":100,"moves":["drainpunch","machpunch","earthquake","poisonjab"],"name":"Conkeldurr","nature":"Adamant","species":"Conkeldurr"},{"ability":"serenegrace","evs":{"atk":0,"def":0,"hp":0,"spa":252,"spd":4,"spe":252},"happiness":160,"item":"leftovers","ivs":{"atk":0,"def":31,"hp":31,"spa":31,"spd":31,"spe":31},"level":100,"moves":["thunderwave","airslash","dazzlinggleam","substitute"],"name":"Togekiss","nature":"Modest","species":"Togekiss"},{"ability":"regenerator","evs":{"atk":0,"def":252,"hp":252,"spa":0,"spd":4,"spe":0},"happiness":160,"item":"blacksludge","ivs":{"atk":0,"def":31,"hp":31,"spa":31,"spd":31,"spe":31},"level":100,"moves":["toxic","scald","haze","recover"],"name":"Toxapex","nature":"Bold","species":"Toxapex"},{"ability":"defiant","evs":{"atk":252,"def":0,"hp":252,"spa":0,"spd":0,"spe":0},"happiness":160,"item":"focussash","ivs":{"atk":31,"def":31,"hp":31,"spa":31,"spd":31,"spe":31},"level":100,"moves":["suckerpunch","ironhead","throatchop","swordsdance"],"name":"Bisharp","nature":"Adamant","species":"Bisharp"},{"ability":"strongjaw","evs":{"atk":252,"def":0,"hp":0,"spa":0,"spd":4,"spe":252},"gender":"N","happiness":160,"item":"choicescarf","ivs":{"atk":31,"def":31,"hp":31,"spa":31,"spd":31,"spe":31},"level":100,"moves":["fishiousrend","psychicfangs","crunch","outrage"],"name":"Dracovish","nature":"Jolly","species":"Dracovish"},{"ability":"infiltrator","evs":{"atk":0,"def":0,"hp":0,"spa":252,"spd":4,"spe":252},"happiness":160,"item":"assaultvest","ivs":{"atk":0,"def":31,"hp":31,"spa":31,"spd":31,"spe":31},"level":100,"moves":["fireblast","shadowball","thunderbolt","dracometeor"],"name":"Dragapult","nature":"Timid","species":"Dragapult"}],"roomid":1023720,"score":[4,4],"seed":[41415,57726,31429,12934],"timestamp":"Sat Dec 28 2019 12:XX","turns":33,"winner":"30438","rated_battle":true,"average_rating":1217}