{"endType":"forfeit","format":"gen8ou","inputLog":[">version aa9f8c6b9cf4eca780a1296832ecd3b0009641e0",">version-origin 5e8529faaa5905c5f8e15eafaaefa806ee8c7d06",">start {\"formatid\":\"gen8ou\",\"seed\":[15316,18446,7544,50299],\"rated\":\"Rated battle\"}",">player p1 {\"\"name\":\"31829\",\"rating\":1291}",">player p2 {\"\"name\":\"33335\",\"rating\":1317}",">p1 team 4, 2, 3, 1, 5, 6",">p2 team 3, 2, 1, 4, 5, 6",">p1 move pyroball",">p2 move uturn",">p2 switch 4",">p1 move uturn",">p2 move strengthsap",">p1 switch 2",">p1 move trick",">p2 move willowisp",">p1 move willowisp",">p2 move willowisp",">p1 move voltswitch",">p2 move willowisp",">p1 switch 2",">p1 move uturn",">p2 switch 2",">p1 switch 4",">p1 move boomburst",">p2 switch 2",">p1 switch 2",">p2 switch 4",">p1 move willowisp",">p2 move uturn",">p2 switch 4",">p1 move hydropump",">p2 move strengthsap",">p1 move voltswitch",">p2 switch 2",">p1 switch 4",">p1 move uturn",">p2 move roost",">p1 switch 4",">p1 move willowisp",">p2 switch 2",">p1 move hydropump",">p2 move nightshade",">p1 switch 3",">p1 move substitute",">p2 move nightshade",">p1 move darkpulse",">p2 move nightshade",">p2 switch 4",">p1 move flashcannon",">p2 move iciclecrash",">p1 switch 4",">p1 move pyroball",">p2 switch 2",">p1 move highjumpkick",">p2 move uturn",">p2 switch 2",">p1 move pyroball",">p2 move uturn",">p2 switch 2",">p1 move pyroball",">p2 move roost",">p2 switch 2",">p1 switch 5",">p2 move iciclecrash",">p1 move bravebird",">p2 move iciclecrash",">p1 switch 2",">p1 move overdrive",">p2 switch 6"],"log":["|j|\u260631829","|j|\u260633335","|player|p1|31829|candice|1291","|player|p2|33335|benga|1317","|teamsize|p1|6","|teamsize|p2|6","|gametype|singles","|gen|8","|tier|[Gen 8] OU","|rated|","|rule|Sleep Clause Mod: Limit one foe put to sleep","|rule|Species Clause: Limit one of each Pok\u00e9mon","|rule|OHKO Clause: OHKO moves are banned","|rule|Evasion Moves Clause: Evasion moves are banned","|rule|Endless Battle Clause: Forcing endless battles is banned","|rule|HP Percentage Mod: HP is shown in percentages","|clearpoke","|poke|p1|Toxtricity, F|","|poke|p1|Rotom-Wash|","|poke|p1|Hydreigon, F|","|poke|p1|Cinderace, F|","|poke|p1|Corviknight, M|","|poke|p1|Grimmsnarl, M|","|poke|p2|Dracovish|","|poke|p2|Mandibuzz, F|","|poke|p2|Darmanitan-Galar, F|","|poke|p2|Corsola-Galar, F|","|poke|p2|Galvantula, F|","|poke|p2|Excadrill, M|","|rule|Dynamax Clause: You cannot dynamax","|teampreview","|","|start","|switch|p1a: Cinderace|Cinderace, F|302\/302","|switch|p2a: Darmanitan|Darmanitan-Galar, F|351\/351","|turn|1","|","|move|p2a: Darmanitan|U-turn|p1a: Cinderace","|-resisted|p1a: Cinderace","|-damage|p1a: Cinderace|223\/302","|","|switch|p2a: Corsola|Corsola-Galar, F|324\/324","|move|p1a: Cinderace|Pyro Ball|p2a: Corsola","|-damage|p2a: Corsola|197\/324","|-start|p1a: Cinderace|Disable|Pyro Ball|[from] ability: Cursed Body|[of] p2a: Corsola","|","|upkeep","|turn|2","|","|move|p1a: Cinderace|U-turn|p2a: Corsola","|-resisted|p2a: Corsola","|-damage|p2a: Corsola|170\/324","|","|switch|p1a: Rotom|Rotom-Wash|303\/303","|move|p2a: Corsola|Strength Sap|p1a: Rotom","|-unboost|p1a: Rotom|atk|1","|-heal|p2a: Corsola|291\/324","|","|upkeep","|turn|3","|","|move|p1a: Rotom|Trick|p2a: Corsola","|-activate|p1a: Rotom|move: Trick|[of] p2a: Corsola","|-item|p2a: Corsola|Choice Scarf|[from] move: Trick","|-item|p1a: Rotom|Eviolite|[from] move: Trick","|move|p2a: Corsola|Will-O-Wisp|p1a: Rotom","|-status|p1a: Rotom|brn","|","|-damage|p1a: Rotom|285\/303 brn|[from] brn","|upkeep","|turn|4","|","|move|p1a: Rotom|Will-O-Wisp|p2a: Corsola","|-status|p2a: Corsola|brn","|move|p2a: Corsola|Will-O-Wisp|p1a: Rotom|[miss]","|-miss|p2a: Corsola|p1a: Rotom","|","|-damage|p1a: Rotom|267\/303 brn|[from] brn","|-damage|p2a: Corsola|271\/324 brn|[from] brn","|upkeep","|turn|5","|","|move|p1a: Rotom|Volt Switch|p2a: Corsola","|-damage|p2a: Corsola|202\/324 brn","|-start|p1a: Rotom|Disable|Volt Switch|[from] ability: Cursed Body|[of] p2a: Corsola","|","|switch|p1a: Cinderace|Cinderace, F|223\/302","|move|p2a: Corsola|Will-O-Wisp|p1a: Cinderace","|-immune|p1a: Cinderace","|","|-damage|p2a: Corsola|182\/324 brn|[from] brn","|upkeep","|turn|6","|","|switch|p2a: Mandibuzz|Mandibuzz, F|424\/424","|move|p1a: Cinderace|U-turn|p2a: Mandibuzz","|-damage|p2a: Mandibuzz|370\/424","|","|switch|p1a: Toxtricity|Toxtricity, F|292\/292","|","|-heal|p2a: Mandibuzz|396\/424|[from] item: Leftovers","|upkeep","|turn|7","|","|switch|p2a: Corsola|Corsola-Galar, F|182\/324 brn","|move|p1a: Toxtricity|Boomburst|p2a: Corsola","|-immune|p2a: Corsola","|","|-damage|p2a: Corsola|162\/324 brn|[from] brn","|upkeep","|turn|8","|","|switch|p1a: Rotom|Rotom-Wash|267\/303 brn","|switch|p2a: Darmanitan|Darmanitan-Galar, F|351\/351","|","|-damage|p1a: Rotom|249\/303 brn|[from] brn","|upkeep","|turn|9","|","|move|p2a: Darmanitan|U-turn|p1a: Rotom","|-damage|p1a: Rotom|128\/303 brn","|","|switch|p2a: Corsola|Corsola-Galar, F|162\/324 brn","|move|p1a: Rotom|Will-O-Wisp|p2a: Corsola","|-fail|p2a: Corsola|brn","|","|-damage|p1a: Rotom|110\/303 brn|[from] brn","|-damage|p2a: Corsola|142\/324 brn|[from] brn","|upkeep","|turn|10","|","|move|p1a: Rotom|Hydro Pump|p2a: Corsola","|-damage|p2a: Corsola|39\/324 brn","|-start|p1a: Rotom|Disable|Hydro Pump|[from] ability: Cursed Body|[of] p2a: Corsola","|move|p2a: Corsola|Strength Sap|p1a: Rotom","|-unboost|p1a: Rotom|atk|1","|-heal|p2a: Corsola|160\/324 brn","|","|-damage|p1a: Rotom|92\/303 brn|[from] brn","|-damage|p2a: Corsola|140\/324 brn|[from] brn","|upkeep","|turn|11","|","|switch|p2a: Mandibuzz|Mandibuzz, F|396\/424","|move|p1a: Rotom|Volt Switch|p2a: Mandibuzz","|-supereffective|p2a: Mandibuzz","|-damage|p2a: Mandibuzz|222\/424","|","|switch|p1a: Cinderace|Cinderace, F|223\/302","|","|-heal|p2a: Mandibuzz|248\/424|[from] item: Leftovers","|upkeep","|turn|12","|","|move|p1a: Cinderace|U-turn|p2a: Mandibuzz","|-damage|p2a: Mandibuzz|192\/424","|","|switch|p1a: Rotom|Rotom-Wash|92\/303 brn","|move|p2a: Mandibuzz|Roost|p2a: Mandibuzz","|-heal|p2a: Mandibuzz|404\/424","|-singleturn|p2a: Mandibuzz|move: Roost","|","|-heal|p2a: Mandibuzz|424\/424|[from] item: Leftovers","|-damage|p1a: Rotom|74\/303 brn|[from] brn","|upkeep","|turn|13","|","|switch|p2a: Corsola|Corsola-Galar, F|140\/324 brn","|move|p1a: Rotom|Will-O-Wisp|p2a: Corsola","|-fail|p2a: Corsola|brn","|","|-damage|p1a: Rotom|56\/303 brn|[from] brn","|-damage|p2a: Corsola|120\/324 brn|[from] brn","|upkeep","|turn|14","|","|move|p1a: Rotom|Hydro Pump|p2a: Corsola|[miss]","|-miss|p1a: Rotom|p2a: Corsola","|move|p2a: Corsola|Night Shade|p1a: Rotom","|-damage|p1a: Rotom|0 fnt","|faint|p1a: Rotom","|","|-damage|p2a: Corsola|100\/324 brn|[from] brn","|upkeep","|","|switch|p1a: Hydreigon|Hydreigon, F|325\/325","|turn|15","|","|move|p1a: Hydreigon|Substitute|p1a: Hydreigon","|-start|p1a: Hydreigon|Substitute","|-damage|p1a: Hydreigon|244\/325","|move|p2a: Corsola|Night Shade|p1a: Hydreigon","|-end|p1a: Hydreigon|Substitute","|","|-heal|p1a: Hydreigon|264\/325|[from] item: Leftovers","|-damage|p2a: Corsola|80\/324 brn|[from] brn","|upkeep","|turn|16","|","|move|p1a: Hydreigon|Dark Pulse|p2a: Corsola","|-supereffective|p2a: Corsola","|-damage|p2a: Corsola|0 fnt","|faint|p2a: Corsola","|","|-heal|p1a: Hydreigon|284\/325|[from] item: Leftovers","|upkeep","|","|switch|p2a: Darmanitan|Darmanitan-Galar, F|351\/351","|turn|17","|","|move|p2a: Darmanitan|Icicle Crash|p1a: Hydreigon","|-supereffective|p1a: Hydreigon","|-damage|p1a: Hydreigon|0 fnt","|faint|p1a: Hydreigon","|","|upkeep","|","|switch|p1a: Cinderace|Cinderace, F|223\/302","|turn|18","|","|switch|p2a: Mandibuzz|Mandibuzz, F|424\/424","|move|p1a: Cinderace|Pyro Ball|p2a: Mandibuzz","|-damage|p2a: Mandibuzz|294\/424","|","|-heal|p2a: Mandibuzz|320\/424|[from] item: Leftovers","|upkeep","|turn|19","|","|move|p1a: Cinderace|High Jump Kick|p2a: Mandibuzz","|-damage|p2a: Mandibuzz|215\/424","|move|p2a: Mandibuzz|U-turn|p1a: Cinderace","|-resisted|p1a: Cinderace","|-damage|p1a: Cinderace|198\/302","|","|switch|p2a: Darmanitan|Darmanitan-Galar, F|351\/351","|","|upkeep","|turn|20","|","|move|p2a: Darmanitan|U-turn|p1a: Cinderace","|-resisted|p1a: Cinderace","|-damage|p1a: Cinderace|113\/302","|","|switch|p2a: Mandibuzz|Mandibuzz, F|215\/424","|move|p1a: Cinderace|Pyro Ball|p2a: Mandibuzz","|-damage|p2a: Mandibuzz|76\/424","|-status|p2a: Mandibuzz|brn","|","|-heal|p2a: Mandibuzz|102\/424 brn|[from] item: Leftovers","|-damage|p2a: Mandibuzz|76\/424 brn|[from] brn","|upkeep","|turn|21","|","|move|p1a: Cinderace|Pyro Ball|p2a: Mandibuzz","|-damage|p2a: Mandibuzz|0 fnt","|faint|p2a: Mandibuzz","|","|upkeep","|","|switch|p2a: Darmanitan|Darmanitan-Galar, F|351\/351","|turn|22","|","|switch|p1a: Corviknight|Corviknight, M|400\/400","|-ability|p1a: Corviknight|Pressure","|move|p2a: Darmanitan|Icicle Crash|p1a: Corviknight","|-damage|p1a: Corviknight|189\/400","|","|-heal|p1a: Corviknight|214\/400|[from] item: Leftovers","|upkeep","|turn|23","|","|move|p2a: Darmanitan|Icicle Crash|p1a: Corviknight","|-damage|p1a: Corviknight|0 fnt","|faint|p1a: Corviknight","|","|upkeep","|","|switch|p1a: Toxtricity|Toxtricity, F|292\/292","|turn|24","|","|switch|p2a: Excadrill|Excadrill, M|361\/361","|-ability|p2a: Excadrill|Mold Breaker","|move|p1a: Toxtricity|Overdrive|p2a: Excadrill","|-immune|p2a: Excadrill","|","|upkeep","|turn|25","|-message|31829 forfeited.","|","|win|33335","|l|\u260631829","|l|\u260633335","|raw|31829's rating: 1316 &rarr; <strong>1296<\/strong><br \/>(-20 for losing)","|raw|33335's rating: 1318 &rarr; <strong>1338<\/strong><br \/>(+20 for winning)",""],"p1":"31829","p1rating":1291,"p1team":[{"ability":"punkrock","evs":{"atk":0,"def":0,"hp":4,"spa":252,"spd":0,"spe":252},"happiness":160,"item":"choicespecs","ivs":{"atk":31,"def":31,"hp":31,"spa":31,"spd":31,"spe":31},"level":100,"moves":["boomburst","overdrive","voltswitch","sludgewave"],"name":"Toxtricity","nature":"Timid","species":"Toxtricity"},{"ability":"levitate","evs":{"atk":0,"def":0,"hp":248,"spa":44,"spd":0,"spe":216},"gender":"N","happiness":160,"item":"choicescarf","ivs":{"atk":0,"def":31,"hp":31,"spa":31,"spd":31,"spe":31},"level":100,"moves":["voltswitch","hydropump","trick","willowisp"],"name":"Rotom","nature":"Timid","species":"rotomwash"},{"ability":"levitate","evs":{"atk":0,"def":4,"hp":0,"spa":252,"spd":0,"spe":252},"happiness":160,"item":"leftovers","ivs":{"atk":31,"def":31,"hp":31,"spa":31,"spd":31,"spe":31},"level":100,"moves":["nastyplot","substitute","darkpulse","flashcannon"],"name":"Hydreigon","nature":"Timid","species":"Hydreigon"},{"ability":"blaze","evs":{"atk":252,"def":0,"hp":4,"spa":0,"spd":0,"spe":252},"happiness":160,"item":"heavydutyboots","ivs":{"atk":31,"def":31,"hp":31,"spa":31,"spd":31,"spe":31},"level":100,"moves":["courtchange","pyroball","highjumpkick","uturn"],"name":"Cinderace","nature":"Jolly","species":"Cinderace"},{"ability":"pressure","evs":{"atk":0,"def":32,"hp":252,"spa":0,"spd":136,"spe":88},"happiness":160,"item":"leftovers","ivs":{"atk":31,"def":31,"hp":31,"spa":31,"spd":31,"spe":31},"level":100,"moves":["bravebird","substitute","bulkup","roost"],"name":"Corviknight","nature":"Careful","species":"Corviknight"},{"ability":"prankster","evs":{"atk":252,"def":0,"hp":92,"spa":0,"spd":0,"spe":164},"gender":"M","happiness":160,"item":"lightclay","ivs":{"atk":31,"def":31,"hp":31,"spa":31,"spd":31,"spe":31},"level":100,"moves":["spiritbreak","reflect","lightscreen","taunt"],"name":"Grimmsnarl","nature":"Adamant","species":"Grimmsnarl"}],"p2":"33335","p2rating":1317,"p2team":[{"ability":"strongjaw","evs":{"atk":252,"def":0,"hp":4,"spa":0,"spd":0,"spe":252},"gender":"N","happiness":160,"item":"choiceband","ivs":{"atk":31,"def":31,"hp":31,"spa":31,"spd":31,"spe":31},"level":100,"moves":["fishiousrend","outrage","crunch","psychicfangs"],"name":"Dracovish","nature":"Adamant","species":"Dracovish"},{"ability":"overcoat","evs":{"atk":4,"def":252,"hp":252,"spa":0,"spd":0,"spe":0},"gender":"F","happiness":160,"item":"leftovers","ivs":{"atk":31,"def":31,"hp":31,"spa":31,"spd":31,"spe":31},"level":100,"moves":["roost","knockoff","uturn","toxic"],"name":"Mandibuzz","nature":"Impish","species":"Mandibuzz"},{"ability":"gorillatactics","evs":{"atk":252,"def":0,"hp":0,"spa":0,"spd":4,"spe":252},"happiness":160,"item":"choicescarf","ivs":{"atk":31,"def":31,"hp":31,"spa":31,"spd":31,"spe":31},"level":100,"moves":["iciclecrash","flareblitz","uturn","earthquake"],"name":"Darmanitan","nature":"Jolly","species":"darmanitangalar"},{"ability":"cursedbody","evs":{"atk":0,"def":4,"hp":252,"spa":0,"spd":252,"spe":0},"happiness":160,"item":"eviolite","ivs":{"atk":0,"def":31,"hp":31,"spa":31,"spd":31,"spe":31},"level":100,"moves":["willowisp","nightshade","strengthsap","stealthrock"],"name":"Corsola","nature":"Calm","species":"corsolagalar"},{"ability":"swarm","evs":{"atk":0,"def":0,"hp":0,"spa":252,"spd":4,"spe":252},"happiness":160,"item":"focussash","ivs":{"atk":0,"def":31,"hp":31,"spa":31,"spd":31,"spe":31},"level":100,"moves":["stickyweb","voltswitch","bugbuzz","energyball"],"name":"Galvantula","nature":"Timid","species":"Galvantula"},{"ability":"moldbreaker","evs":{"atk":252,"def":0,"hp":0,"spa":0,"spd":4,"spe":252},"happiness":160,"item":"assaultvest","ivs":{"atk":31,"def":31,"hp":31,"spa":31,"spd":31,"spe":31},"level":100,"moves":["rapidspin","earthquake","ironhead","xscissor"],"name":"Excadrill","nature":"Jolly","species":"Excadrill"}],"roomid":1019487,"score":[3,4],"seed":[15316,18446,7544,50299],"timestamp":"Sat Dec 28 2019 16:XX","turns":25,"winner":"33335","rated_battle":true,"average_rating":1304}