{"endType":"forfeit","format":"gen8ou","inputLog":[">version aa9f8c6b9cf4eca780a1296832ecd3b0009641e0",">version-origin 5e8529faaa5905c5f8e15eafaaefa806ee8c7d06",">start {\"formatid\":\"gen8ou\",\"seed\":[9043,7908,38727,5792],\"rated\":\"Rated battle\"}",">player p1 {\"\"name\":\"36355\",\"rating\":1317}",">player p2 {\"\"name\":\"120685\",\"rating\":1253}",">p1 team 3, 2, 1, 4, 5, 6",">p2 team 4, 2, 3, 1, 5, 6",">p1 move stickyweb",">p2 move stickyweb",">p1 move stealthrock",">p2 switch 5",">p1 switch 4",">p2 move rapidspin",">p1 move uturn",">p2 move stealthrock",">p1 switch 6",">p1 switch 6",">p2 move rapidspin",">p1 move fireblast",">p2 move ironhead",">p2 switch 5",">p1 switch 3",">p2 move shadowball",">p1 move moonblast",">p2 switch 4",">p1 switch 5",">p2 move sludgewave",">p1 move earthquake",">p2 switch 2",">p1 switch 3",">p2 move dragondance",">p1 move dracometeor",">p2 move earthquake"],"log":["|j|\u203d36355","|j|\u2606120685","|player|p1|36355|102|1317","|player|p2|120685|wattson|1253","|teamsize|p1|6","|teamsize|p2|6","|gametype|singles","|gen|8","|tier|[Gen 8] OU","|rated|","|rule|Sleep Clause Mod: Limit one foe put to sleep","|rule|Species Clause: Limit one of each Pok\u00e9mon","|rule|OHKO Clause: OHKO moves are banned","|rule|Evasion Moves Clause: Evasion moves are banned","|rule|Endless Battle Clause: Forcing endless battles is banned","|rule|HP Percentage Mod: HP is shown in percentages","|clearpoke","|poke|p1|Clefable, F|","|poke|p1|Darmanitan-Galar, F|","|poke|p1|Shuckle, M|","|poke|p1|Dragapult, F|","|poke|p1|Excadrill, F|","|poke|p1|Togekiss, M|","|poke|p2|Toxtricity, F|","|poke|p2|Gyarados, F|","|poke|p2|Conkeldurr, F|","|poke|p2|Ditto|","|poke|p2|Excadrill, F|","|poke|p2|Dragapult, F|","|rule|Dynamax Clause: You cannot dynamax","|teampreview","|","|start","|switch|p1a: Shuckle|Shuckle, M|243\/243","|switch|p2a: Ditto|Ditto|299\/299","|-transform|p2a: Ditto|p1a: Shuckle|[from] ability: Imposter","|turn|1","|","|move|p2a: Ditto|Sticky Web|p1a: Shuckle","|-sidestart36355|move: Sticky Web","|move|p1a: Shuckle|Sticky Web|p2a: Ditto","|-sidestart120685|move: Sticky Web","|","|upkeep","|turn|2","|","|switch|p2a: Excadrill|Excadrill, F|361\/361","|-activate|p2a: Excadrill|move: Sticky Web","|-unboost|p2a: Excadrill|spe|1","|-ability|p2a: Excadrill|Mold Breaker","|move|p1a: Shuckle|Stealth Rock|p2a: Excadrill","|-sidestart120685|move: Stealth Rock","|","|upkeep","|turn|3","|","|switch|p1a: Dragapult|Dragapult, F|317\/317","|-activate|p1a: Dragapult|move: Sticky Web","|-unboost|p1a: Dragapult|spe|1","|move|p2a: Excadrill|Rapid Spin|p1a: Dragapult","|-immune|p1a: Dragapult","|","|upkeep","|turn|4","|","|move|p1a: Dragapult|U-turn|p2a: Excadrill","|-resisted|p2a: Excadrill","|-damage|p2a: Excadrill|321\/361","|","|switch|p1a: Togekiss|Togekiss, M|355\/355","|move|p2a: Excadrill|Stealth Rock|p1a: Togekiss","|-sidestart36355|move: Stealth Rock","|","|upkeep","|turn|5","|","|switch|p1a: Dragapult|Dragapult, F|317\/317","|-damage|p1a: Dragapult|278\/317|[from] Stealth Rock","|-activate|p1a: Dragapult|move: Sticky Web","|-unboost|p1a: Dragapult|spe|1","|move|p2a: Excadrill|Rapid Spin|p1a: Dragapult","|-immune|p1a: Dragapult","|","|upkeep","|turn|6","|","|move|p1a: Dragapult|Fire Blast|p2a: Excadrill","|-supereffective|p2a: Excadrill","|-damage|p2a: Excadrill|0 fnt","|faint|p2a: Excadrill","|","|upkeep","|","|switch|p2a: Ditto|Ditto|299\/299","|-damage|p2a: Ditto|262\/299|[from] Stealth Rock","|-activate|p2a: Ditto|move: Sticky Web","|-unboost|p2a: Ditto|spe|1","|-transform|p2a: Ditto|p1a: Dragapult|[from] ability: Imposter","|turn|7","|","|switch|p1a: Clefable|Clefable, F|380\/380","|-activate|p1a: Clefable|move: Sticky Web","|-unboost|p1a: Clefable|spe|1","|move|p2a: Ditto|Shadow Ball|p1a: Clefable","|-damage|p1a: Clefable|230\/380","|-unboost|p1a: Clefable|spd|1","|","|upkeep","|turn|8","|","|switch|p2a: Toxtricity|Toxtricity, F|291\/291","|-damage|p2a: Toxtricity|255\/291|[from] Stealth Rock","|-activate|p2a: Toxtricity|move: Sticky Web","|-unboost|p2a: Toxtricity|spe|1","|move|p1a: Clefable|Moonblast|p2a: Toxtricity","|-resisted|p2a: Toxtricity","|-damage|p2a: Toxtricity|126\/291","|","|upkeep","|turn|9","|","|switch|p1a: Excadrill|Excadrill, F|361\/361","|-activate|p1a: Excadrill|move: Sticky Web","|-unboost|p1a: Excadrill|spe|1","|-damage|p1a: Excadrill|350\/361|[from] Stealth Rock","|-ability|p1a: Excadrill|Mold Breaker","|move|p2a: Toxtricity|Sludge Wave|p1a: Excadrill","|-immune|p1a: Excadrill","|","|upkeep","|turn|10","|","|switch|p2a: Gyarados|Gyarados, F, shiny|331\/331","|-damage|p2a: Gyarados|249\/331|[from] Stealth Rock","|move|p1a: Excadrill|Earthquake|p2a: Gyarados","|-immune|p2a: Gyarados","|","|-heal|p2a: Gyarados|269\/331|[from] item: Leftovers","|upkeep","|turn|11","|","|switch|p1a: Dragapult|Dragapult, F|278\/317","|-activate|p1a: Dragapult|move: Sticky Web","|-unboost|p1a: Dragapult|spe|1","|-damage|p1a: Dragapult|239\/317|[from] Stealth Rock","|move|p2a: Gyarados|Dragon Dance|p2a: Gyarados","|-boost|p2a: Gyarados|atk|1","|-boost|p2a: Gyarados|spe|1","|","|-heal|p2a: Gyarados|289\/331|[from] item: Leftovers","|upkeep","|turn|12","|","|move|p2a: Gyarados|Earthquake|p1a: Dragapult","|-damage|p1a: Dragapult|0 fnt","|faint|p1a: Dragapult","|-ability|p2a: Gyarados|Moxie|boost","|-boost|p2a: Gyarados|atk|1","|","|-heal|p2a: Gyarados|309\/331|[from] item: Leftovers","|upkeep","|-message|36355 forfeited.","|","|win|120685","|l|\u203d36355","|raw|36355's rating: 1317 &rarr; <strong>1293<\/strong><br \/>(-24 for losing)","|raw|120685's rating: 1253 &rarr; <strong>1283<\/strong><br \/>(+30 for winning)",""],"p1":"36355","p1rating":1317,"p1team":[{"ability":"magicguard","evs":{"atk":0,"def":0,"hp":196,"spa":252,"spd":0,"spe":60},"happiness":160,"item":"lifeorb","ivs":{"atk":31,"def":31,"hp":31,"spa":31,"spd":31,"spe":31},"level":100,"moves":["moonblast","flamethrower","thunderbolt","moonlight"],"name":"Clefable","nature":"Modest","species":"Clefable"},{"ability":"gorillatactics","evs":{"atk":252,"def":0,"hp":0,"spa":0,"spd":4,"spe":252},"happiness":160,"item":"choiceband","ivs":{"atk":31,"def":31,"hp":31,"spa":31,"spd":31,"spe":31},"level":100,"moves":["iciclecrash","flareblitz","earthquake","uturn"],"name":"Darmanitan","nature":"Jolly","species":"darmanitangalar"},{"ability":"sturdy","evs":{"atk":0,"def":252,"hp":248,"spa":0,"spd":8,"spe":0},"happiness":160,"item":"mentalherb","ivs":{"atk":31,"def":31,"hp":31,"spa":31,"spd":31,"spe":31},"level":100,"moves":["stealthrock","stickyweb","encore","toxic"],"name":"Shuckle","nature":"Bold","species":"Shuckle"},{"ability":"infiltrator","evs":{"atk":0,"def":0,"hp":0,"spa":252,"spd":4,"spe":252},"happiness":160,"item":"expertbelt","ivs":{"atk":31,"def":31,"hp":31,"spa":31,"spd":31,"spe":31},"level":100,"moves":["dracometeor","shadowball","fireblast","uturn"],"name":"Dragapult","nature":"Modest","species":"Dragapult"},{"ability":"moldbreaker","evs":{"atk":252,"def":0,"hp":0,"spa":0,"spd":4,"spe":252},"happiness":160,"item":"choicescarf","ivs":{"atk":31,"def":31,"hp":31,"spa":31,"spd":31,"spe":31},"level":100,"moves":["earthquake","ironhead","rockslide","rapidspin"],"name":"Excadrill","nature":"Jolly","species":"Excadrill"},{"ability":"serenegrace","evs":{"atk":0,"def":0,"hp":176,"spa":80,"spd":0,"spe":252},"happiness":160,"item":"leftovers","ivs":{"atk":0,"def":31,"hp":31,"spa":31,"spd":31,"spe":31},"level":100,"moves":["nastyplot","airslash","heatwave","substitute"],"name":"Togekiss","nature":"Timid","species":"Togekiss"}],"p2":"120685","p2rating":1253,"p2team":[{"ability":"punkrock","evs":{"atk":0,"def":4,"hp":0,"spa":252,"spd":0,"spe":252},"happiness":160,"item":"lifeorb","ivs":{"atk":0,"def":31,"hp":31,"spa":31,"spd":31,"spe":31},"level":100,"moves":["boomburst","voltswitch","sludgewave","overdrive"],"name":"Toxtricity","nature":"Timid","species":"Toxtricity"},{"ability":"moxie","evs":{"atk":252,"def":0,"hp":0,"spa":0,"spd":4,"spe":252},"happiness":160,"item":"leftovers","ivs":{"atk":31,"def":31,"hp":31,"spa":31,"spd":31,"spe":31},"level":100,"moves":["earthquake","waterfall","dragondance","stoneedge"],"name":"Gyarados","nature":"Adamant","shiny":true,"species":"Gyarados"},{"ability":"guts","evs":{"atk":252,"def":0,"hp":252,"spa":0,"spd":4,"spe":0},"happiness":160,"item":"flameorb","ivs":{"atk":31,"def":31,"hp":31,"spa":31,"spd":31,"spe":31},"level":100,"moves":["earthquake","defog","drainpunch","poisonjab"],"name":"Conkeldurr","nature":"Adamant","species":"Conkeldurr"},{"ability":"imposter","evs":{"atk":8,"def":252,"hp":248,"spa":0,"spd":0,"spe":0},"gender":"N","happiness":160,"item":"choicescarf","ivs":{"atk":31,"def":31,"hp":31,"spa":31,"spd":31,"spe":0},"level":100,"moves":["transform"],"name":"Ditto","nature":"Relaxed","species":"Ditto"},{"ability":"moldbreaker","evs":{"atk":252,"def":0,"hp":0,"spa":0,"spd":4,"spe":252},"happiness":160,"item":"focussash","ivs":{"atk":31,"def":31,"hp":31,"spa":31,"spd":31,"spe":31},"level":100,"moves":["stealthrock","rapidspin","earthquake","ironhead"],"name":"Excadrill","nature":"Jolly","species":"Excadrill"},{"ability":"infiltrator","evs":{"atk":0,"def":4,"hp":0,"spa":252,"spd":0,"spe":252},"happiness":160,"item":"choicespecs","ivs":{"atk":0,"def":31,"hp":31,"spa":31,"spd":31,"spe":31},"level":100,"moves":["shadowball","dragonpulse","flamethrower","surf"],"name":"Dragapult","nature":"Modest","species":"Dragapult"}],"roomid":1023945,"score":[5,5],"seed":[9043,7908,38727,5792],"timestamp":"Sat Dec 28 2019 09:XX","turns":12,"winner":"120685","rated_battle":true,"average_rating":1285}