{"endType":"forfeit","format":"gen8ou","inputLog":[">version aa9f8c6b9cf4eca780a1296832ecd3b0009641e0",">version-origin 5e8529faaa5905c5f8e15eafaaefa806ee8c7d06",">start {\"formatid\":\"gen8ou\",\"seed\":[6611,21647,49829,27905],\"rated\":\"Rated battle\"}",">player p1 {\"\"name\":\"96708\",\"rating\":1567}",">player p2 {\"\"name\":\"26876\",\"rating\":1565}",">p1 team 2, 1, 3, 4, 5, 6",">p2 team 2, 1, 3, 4, 5, 6",">p1 move substitute",">p2 switch 4",">p1 move nastyplot",">p2 switch 3",">p1 move discharge",">p2 move spikes",">p1 move nastyplot",">p2 move gyroball",">p1 move nastyplot",">p2 move gyroball",">p1 move discharge",">p2 move spikes",">p1 move discharge",">p2 move spikes",">p1 move discharge",">p2 switch 3",">p1 move shadowball",">p2 move hydropump",">p1 move substitute",">p2 move stealthrock",">p1 move substitute",">p2 move hydropump",">p2 switch 2",">p1 move shadowball",">p2 move drainpunch",">p1 move discharge",">p2 move substitute",">p1 move discharge",">p2 move drainpunch",">p1 move discharge",">p2 move drainpunch",">p2 switch 6",">p1 move discharge",">p2 move closecombat",">p1 switch 5",">p1 move defog",">p2 move closecombat",">p1 move roost",">p2 move closecombat",">p1 switch 2",">p2 move closecombat",">p1 move substitute",">p2 switch 4",">p1 move nastyplot",">p2 move scald",">p1 move airslash",">p2 switch 3",">p2 switch 4",">p1 switch 4",">p2 move closecombat",">p1 move protect",">p2 switch 5",">p1 move protect",">p2 move psychicfangs",">p1 switch 2",">p2 switch 5",">p1 move roost",">p2 move liquidation",">p1 switch 2",">p1 move toxic",">p2 switch 3",">p1 move substitute",">p2 move hurricane",">p1 move protect",">p2 move hurricane",">p1 move substitute",">p2 move uturn",">p2 switch 5",">p1 move protect",">p2 move psychicfangs",">p1 move toxic",">p2 move psychicfangs",">p1 move protect",">p2 switch 3",">p1 move protect",">p2 move closecombat",">p1 switch 4",">p2 move closecombat",">p1 move airslash",">p2 switch 5",">p2 switch 5",">p1 switch 4",">p2 move liquidation"],"log":["|j|\u260696708","|j|\u260626876","|player|p1|96708|266|1567","|player|p2|26876|260|1565","|teamsize|p1|6","|teamsize|p2|6","|gametype|singles","|gen|8","|tier|[Gen 8] OU","|rated|","|rule|Sleep Clause Mod: Limit one foe put to sleep","|rule|Species Clause: Limit one of each Pok\u00e9mon","|rule|OHKO Clause: OHKO moves are banned","|rule|Evasion Moves Clause: Evasion moves are banned","|rule|Endless Battle Clause: Forcing endless battles is banned","|rule|HP Percentage Mod: HP is shown in percentages","|clearpoke","|poke|p1|Togekiss, F|","|poke|p1|Rotom-Wash|","|poke|p1|Hydreigon, F|","|poke|p1|Seismitoad, F|","|poke|p1|Mandibuzz, F|","|poke|p1|Ferrothorn, M|","|poke|p2|Kommo-o, F|","|poke|p2|Pelipper, F|","|poke|p2|Ferrothorn, F|","|poke|p2|Seismitoad, M|","|poke|p2|Dracovish|","|poke|p2|Barraskewda, M|","|rule|Dynamax Clause: You cannot dynamax","|teampreview","|j| SOMTIO","|l| SOMTIO","|","|start","|switch|p1a: Rotom|Rotom-Wash|304\/304","|switch|p2a: Pelipper|Pelipper, F|323\/323","|-weather|RainDance|[from] ability: Drizzle|[of] p2a: Pelipper","|turn|1","|","|switch|p2a: Seismitoad|Seismitoad, M|351\/351","|move|p1a: Rotom|Substitute|p1a: Rotom","|-start|p1a: Rotom|Substitute","|-damage|p1a: Rotom|228\/304","|","|-weather|RainDance|[upkeep]","|-heal|p1a: Rotom|247\/304|[from] item: Leftovers","|upkeep","|turn|2","|","|switch|p2a: Ferrothorn|Ferrothorn, F|352\/352","|move|p1a: Rotom|Nasty Plot|p1a: Rotom","|-boost|p1a: Rotom|spa|2","|","|-weather|RainDance|[upkeep]","|-heal|p1a: Rotom|266\/304|[from] item: Leftovers","|upkeep","|turn|3","|","|move|p1a: Rotom|Discharge|p2a: Ferrothorn","|-resisted|p2a: Ferrothorn","|-crit|p2a: Ferrothorn","|-damage|p2a: Ferrothorn|261\/352","|move|p2a: Ferrothorn|Spikes|p1a: Rotom","|-sidestart96708|Spikes","|","|-weather|RainDance|[upkeep]","|-heal|p1a: Rotom|285\/304|[from] item: Leftovers","|-heal|p2a: Ferrothorn|283\/352|[from] item: Leftovers","|upkeep","|turn|4","|","|move|p1a: Rotom|Nasty Plot|p1a: Rotom","|-boost|p1a: Rotom|spa|2","|move|p2a: Ferrothorn|Gyro Ball|p1a: Rotom","|-resisted|p1a: Rotom","|-activate|p1a: Rotom|move: Substitute|[damage]","|","|-weather|RainDance|[upkeep]","|-heal|p1a: Rotom|304\/304|[from] item: Leftovers","|-heal|p2a: Ferrothorn|305\/352|[from] item: Leftovers","|upkeep","|turn|5","|","|move|p1a: Rotom|Nasty Plot|p1a: Rotom","|-boost|p1a: Rotom|spa|2","|move|p2a: Ferrothorn|Gyro Ball|p1a: Rotom","|-resisted|p1a: Rotom","|-activate|p1a: Rotom|move: Substitute|[damage]","|","|-weather|RainDance|[upkeep]","|-heal|p2a: Ferrothorn|327\/352|[from] item: Leftovers","|upkeep","|turn|6","|","|move|p1a: Rotom|Discharge|p2a: Ferrothorn","|-resisted|p2a: Ferrothorn","|-damage|p2a: Ferrothorn|192\/352","|move|p2a: Ferrothorn|Spikes|p1a: Rotom","|-sidestart96708|Spikes","|","|-weather|RainDance|[upkeep]","|-heal|p2a: Ferrothorn|214\/352|[from] item: Leftovers","|upkeep","|turn|7","|","|move|p1a: Rotom|Discharge|p2a: Ferrothorn","|-resisted|p2a: Ferrothorn","|-damage|p2a: Ferrothorn|93\/352","|move|p2a: Ferrothorn|Spikes|p1a: Rotom","|-sidestart96708|Spikes","|","|-weather|RainDance|[upkeep]","|-heal|p2a: Ferrothorn|115\/352|[from] item: Leftovers","|upkeep","|turn|8","|","|switch|p2a: Seismitoad|Seismitoad, M|351\/351","|move|p1a: Rotom|Discharge|p2a: Seismitoad","|-immune|p2a: Seismitoad","|","|-weather|none","|upkeep","|turn|9","|","|move|p2a: Seismitoad|Hydro Pump|p1a: Rotom","|-resisted|p1a: Rotom","|-end|p1a: Rotom|Substitute","|-damage|p2a: Seismitoad|316\/351|[from] item: Life Orb","|move|p1a: Rotom|Shadow Ball|p2a: Seismitoad","|-damage|p2a: Seismitoad|11\/351","|","|upkeep","|turn|10","|","|move|p2a: Seismitoad|Stealth Rock|p1a: Rotom","|-sidestart96708|move: Stealth Rock","|move|p1a: Rotom|Substitute|p1a: Rotom","|-start|p1a: Rotom|Substitute","|-damage|p1a: Rotom|228\/304","|","|-heal|p1a: Rotom|247\/304|[from] item: Leftovers","|upkeep","|turn|11","|","|move|p2a: Seismitoad|Hydro Pump|p1a: Rotom","|-resisted|p1a: Rotom","|-end|p1a: Rotom|Substitute","|-damage|p2a: Seismitoad|0 fnt|[from] item: Life Orb","|faint|p2a: Seismitoad","|move|p1a: Rotom|Substitute|p1a: Rotom","|-start|p1a: Rotom|Substitute","|-damage|p1a: Rotom|171\/304","|","|-heal|p1a: Rotom|190\/304|[from] item: Leftovers","|upkeep","|","|switch|p2a: Kommo-o|Kommo-o, F|292\/292","|turn|12","|","|move|p2a: Kommo-o|Drain Punch|p1a: Rotom","|-end|p1a: Rotom|Substitute","|move|p1a: Rotom|Shadow Ball|p2a: Kommo-o","|-immune|p2a: Kommo-o|[from] ability: Bulletproof","|","|-heal|p1a: Rotom|209\/304|[from] item: Leftovers","|upkeep","|turn|13","|","|move|p2a: Kommo-o|Substitute|p2a: Kommo-o","|-start|p2a: Kommo-o|Substitute","|-damage|p2a: Kommo-o|219\/292","|move|p1a: Rotom|Discharge|p2a: Kommo-o","|-resisted|p2a: Kommo-o","|-end|p2a: Kommo-o|Substitute","|","|-heal|p1a: Rotom|228\/304|[from] item: Leftovers","|upkeep","|turn|14","|","|move|p2a: Kommo-o|Drain Punch|p1a: Rotom","|-damage|p1a: Rotom|144\/304","|-heal|p2a: Kommo-o|261\/292|[from] drain|[of] p1a: Rotom","|move|p1a: Rotom|Discharge|p2a: Kommo-o","|-resisted|p2a: Kommo-o","|-damage|p2a: Kommo-o|67\/292","|-enditem|p2a: Kommo-o|Salac Berry|[eat]","|-boost|p2a: Kommo-o|spe|1","|","|-heal|p1a: Rotom|163\/304|[from] item: Leftovers","|upkeep","|turn|15","|","|move|p2a: Kommo-o|Drain Punch|p1a: Rotom","|-damage|p1a: Rotom|76\/304","|-heal|p2a: Kommo-o|111\/292|[from] drain|[of] p1a: Rotom","|move|p1a: Rotom|Discharge|p2a: Kommo-o","|-resisted|p2a: Kommo-o","|-damage|p2a: Kommo-o|0 fnt","|faint|p2a: Kommo-o","|","|-heal|p1a: Rotom|95\/304|[from] item: Leftovers","|upkeep","|","|switch|p2a: Barraskewda|Barraskewda, M|263\/263","|turn|16","|","|move|p2a: Barraskewda|Close Combat|p1a: Rotom","|-damage|p1a: Rotom|0 fnt","|-unboost|p2a: Barraskewda|def|1","|-unboost|p2a: Barraskewda|spd|1","|faint|p1a: Rotom","|","|upkeep","|","|switch|p1a: Mandibuzz|Mandibuzz, F|424\/424","|turn|17","|","|move|p2a: Barraskewda|Close Combat|p1a: Mandibuzz","|-damage|p1a: Mandibuzz|216\/424","|-unboost|p2a: Barraskewda|def|1","|-unboost|p2a: Barraskewda|spd|1","|move|p1a: Mandibuzz|Defog|p2a: Barraskewda","|-unboost|p2a: Barraskewda|evasion|1","|-sideend96708|Spikes|[from] move: Defog|[of] p1a: Mandibuzz","|-sideend96708|Stealth Rock|[from] move: Defog|[of] p1a: Mandibuzz","|","|upkeep","|turn|18","|","|move|p2a: Barraskewda|Close Combat|p1a: Mandibuzz","|-damage|p1a: Mandibuzz|8\/424","|-unboost|p2a: Barraskewda|def|1","|-unboost|p2a: Barraskewda|spd|1","|move|p1a: Mandibuzz|Roost|p1a: Mandibuzz","|-heal|p1a: Mandibuzz|220\/424","|-singleturn|p1a: Mandibuzz|move: Roost","|","|upkeep","|turn|19","|","|switch|p1a: Togekiss|Togekiss, F|374\/374","|move|p2a: Barraskewda|Close Combat|p1a: Togekiss","|-resisted|p1a: Togekiss","|-damage|p1a: Togekiss|311\/374","|-unboost|p2a: Barraskewda|def|1","|-unboost|p2a: Barraskewda|spd|1","|","|-heal|p1a: Togekiss|334\/374|[from] item: Leftovers","|upkeep","|turn|20","|","|switch|p2a: Pelipper|Pelipper, F|323\/323","|-weather|RainDance|[from] ability: Drizzle|[of] p2a: Pelipper","|move|p1a: Togekiss|Substitute|p1a: Togekiss","|-start|p1a: Togekiss|Substitute","|-damage|p1a: Togekiss|241\/374","|","|-weather|RainDance|[upkeep]","|-heal|p1a: Togekiss|264\/374|[from] item: Leftovers","|upkeep","|turn|21","|","|move|p1a: Togekiss|Nasty Plot|p1a: Togekiss","|-boost|p1a: Togekiss|spa|2","|move|p2a: Pelipper|Scald|p1a: Togekiss","|-end|p1a: Togekiss|Substitute","|","|-weather|RainDance|[upkeep]","|-heal|p1a: Togekiss|287\/374|[from] item: Leftovers","|upkeep","|turn|22","|","|switch|p2a: Ferrothorn|Ferrothorn, F|115\/352","|move|p1a: Togekiss|Air Slash|p2a: Ferrothorn","|-damage|p2a: Ferrothorn|0 fnt","|faint|p2a: Ferrothorn","|","|-weather|RainDance|[upkeep]","|-heal|p1a: Togekiss|310\/374|[from] item: Leftovers","|upkeep","|","|switch|p2a: Barraskewda|Barraskewda, M|263\/263","|turn|23","|","|switch|p1a: Seismitoad|Seismitoad, F|404\/404","|move|p2a: Barraskewda|Close Combat|p1a: Seismitoad","|-damage|p1a: Seismitoad|192\/404","|-unboost|p2a: Barraskewda|def|1","|-unboost|p2a: Barraskewda|spd|1","|","|-weather|RainDance|[upkeep]","|-heal|p1a: Seismitoad|217\/404|[from] item: Leftovers","|upkeep","|turn|24","|","|switch|p2a: Dracovish|Dracovish|321\/321","|move|p1a: Seismitoad|Protect||[still]","|-fail|p1a: Seismitoad","|","|-weather|RainDance|[upkeep]","|-heal|p1a: Seismitoad|242\/404|[from] item: Leftovers","|upkeep","|turn|25","|","|move|p1a: Seismitoad|Protect|p1a: Seismitoad","|-singleturn|p1a: Seismitoad|Protect","|move|p2a: Dracovish|Psychic Fangs|p1a: Seismitoad","|-activate|p1a: Seismitoad|move: Protect","|","|-weather|RainDance|[upkeep]","|-heal|p1a: Seismitoad|267\/404|[from] item: Leftovers","|upkeep","|turn|26","|","|switch|p2a: Barraskewda|Barraskewda, M|263\/263","|switch|p1a: Mandibuzz|Mandibuzz, F|220\/424","|","|-weather|RainDance|[upkeep]","|upkeep","|turn|27","|","|move|p2a: Barraskewda|Liquidation|p1a: Mandibuzz","|-damage|p1a: Mandibuzz|0 fnt","|faint|p1a: Mandibuzz","|","|-weather|none","|upkeep","|","|switch|p1a: Seismitoad|Seismitoad, F|267\/404","|turn|28","|","|switch|p2a: Pelipper|Pelipper, F|323\/323","|-weather|RainDance|[from] ability: Drizzle|[of] p2a: Pelipper","|move|p1a: Seismitoad|Toxic|p2a: Pelipper","|-status|p2a: Pelipper|tox","|","|-weather|RainDance|[upkeep]","|-heal|p1a: Seismitoad|292\/404|[from] item: Leftovers","|-damage|p2a: Pelipper|303\/323 tox|[from] psn","|upkeep","|turn|29","|","|move|p1a: Seismitoad|Substitute|p1a: Seismitoad","|-start|p1a: Seismitoad|Substitute","|-damage|p1a: Seismitoad|191\/404","|move|p2a: Pelipper|Hurricane|p1a: Seismitoad","|-end|p1a: Seismitoad|Substitute","|","|-weather|RainDance|[upkeep]","|-heal|p1a: Seismitoad|216\/404|[from] item: Leftovers","|-damage|p2a: Pelipper|263\/323 tox|[from] psn","|upkeep","|turn|30","|","|move|p1a: Seismitoad|Protect|p1a: Seismitoad","|-singleturn|p1a: Seismitoad|Protect","|move|p2a: Pelipper|Hurricane|p1a: Seismitoad","|-activate|p1a: Seismitoad|move: Protect","|","|-weather|RainDance|[upkeep]","|-heal|p1a: Seismitoad|241\/404|[from] item: Leftovers","|-damage|p2a: Pelipper|203\/323 tox|[from] psn","|upkeep","|turn|31","|","|move|p1a: Seismitoad|Substitute|p1a: Seismitoad","|-start|p1a: Seismitoad|Substitute","|-damage|p1a: Seismitoad|140\/404","|move|p2a: Pelipper|U-turn|p1a: Seismitoad","|-activate|p1a: Seismitoad|move: Substitute|[damage]","|","|switch|p2a: Dracovish|Dracovish|321\/321","|","|-weather|RainDance|[upkeep]","|-heal|p1a: Seismitoad|165\/404|[from] item: Leftovers","|upkeep","|turn|32","|","|move|p1a: Seismitoad|Protect|p1a: Seismitoad","|-singleturn|p1a: Seismitoad|Protect","|move|p2a: Dracovish|Psychic Fangs|p1a: Seismitoad","|-activate|p1a: Seismitoad|move: Protect","|","|-weather|RainDance|[upkeep]","|-heal|p1a: Seismitoad|190\/404|[from] item: Leftovers","|upkeep","|turn|33","|","|move|p2a: Dracovish|Psychic Fangs|p1a: Seismitoad","|-end|p1a: Seismitoad|Substitute","|move|p1a: Seismitoad|Toxic|p2a: Dracovish","|-status|p2a: Dracovish|tox","|","|-weather|RainDance|[upkeep]","|-heal|p1a: Seismitoad|215\/404|[from] item: Leftovers","|-damage|p2a: Dracovish|301\/321 tox|[from] psn","|upkeep","|turn|34","|","|switch|p2a: Barraskewda|Barraskewda, M|263\/263","|move|p1a: Seismitoad|Protect||[still]","|-fail|p1a: Seismitoad","|","|-weather|RainDance|[upkeep]","|-heal|p1a: Seismitoad|240\/404|[from] item: Leftovers","|upkeep","|turn|35","|","|move|p1a: Seismitoad|Protect|p1a: Seismitoad","|-singleturn|p1a: Seismitoad|Protect","|move|p2a: Barraskewda|Close Combat|p1a: Seismitoad","|-activate|p1a: Seismitoad|move: Protect","|","|-weather|none","|-heal|p1a: Seismitoad|265\/404|[from] item: Leftovers","|upkeep","|turn|36","|","|switch|p1a: Togekiss|Togekiss, F|310\/374","|move|p2a: Barraskewda|Close Combat|p1a: Togekiss","|-resisted|p1a: Togekiss","|-damage|p1a: Togekiss|253\/374","|-unboost|p2a: Barraskewda|def|1","|-unboost|p2a: Barraskewda|spd|1","|","|-heal|p1a: Togekiss|276\/374|[from] item: Leftovers","|upkeep","|turn|37","|","|switch|p2a: Pelipper|Pelipper, F|203\/323 tox","|-weather|RainDance|[from] ability: Drizzle|[of] p2a: Pelipper","|move|p1a: Togekiss|Air Slash|p2a: Pelipper","|-damage|p2a: Pelipper|8\/323 tox","|","|-weather|RainDance|[upkeep]","|-heal|p1a: Togekiss|299\/374|[from] item: Leftovers","|-damage|p2a: Pelipper|0 fnt|[from] psn","|faint|p2a: Pelipper","|upkeep","|","|switch|p2a: Barraskewda|Barraskewda, M|263\/263","|turn|38","|","|switch|p1a: Seismitoad|Seismitoad, F|265\/404","|move|p2a: Barraskewda|Liquidation|p1a: Seismitoad","|-heal|p1a: Seismitoad|366\/404|[from] ability: Water Absorb|[of] p2a: Barraskewda","|","|-weather|RainDance|[upkeep]","|-heal|p1a: Seismitoad|391\/404|[from] item: Leftovers","|upkeep","|turn|39","|-message|26876 forfeited.","|","|win|96708","|l|\u260626876","|l|\u260696708","|raw|96708's rating: 1567 &rarr; <strong>1587<\/strong><br \/>(+20 for winning)","|raw|26876's rating: 1565 &rarr; <strong>1545<\/strong><br \/>(-20 for losing)",""],"p1":"96708","p1rating":1567,"p1team":[{"ability":"serenegrace","evs":{"atk":0,"def":4,"hp":252,"spa":252,"spd":0,"spe":0},"happiness":160,"item":"leftovers","ivs":{"atk":0,"def":31,"hp":31,"spa":31,"spd":31,"spe":31},"level":100,"moves":["airslash","aurasphere","nastyplot","substitute"],"name":"Togekiss","nature":"Modest","species":"Togekiss"},{"ability":"levitate","evs":{"atk":0,"def":252,"hp":252,"spa":0,"spd":4,"spe":0},"gender":"N","happiness":160,"item":"leftovers","ivs":{"atk":0,"def":31,"hp":31,"spa":31,"spd":31,"spe":31},"level":100,"moves":["discharge","shadowball","nastyplot","substitute"],"name":"Rotom","nature":"Calm","species":"rotomwash"},{"ability":"levitate","evs":{"atk":0,"def":4,"hp":252,"spa":252,"spd":0,"spe":0},"happiness":160,"item":"leftovers","ivs":{"atk":0,"def":31,"hp":31,"spa":31,"spd":31,"spe":31},"level":100,"moves":["darkpulse","flashcannon","nastyplot","substitute"],"name":"Hydreigon","nature":"","species":"Hydreigon"},{"ability":"waterabsorb","evs":{"atk":0,"def":252,"hp":212,"spa":0,"spd":44,"spe":0},"happiness":160,"item":"leftovers","ivs":{"atk":0,"def":31,"hp":31,"spa":31,"spd":31,"spe":31},"level":100,"moves":["earthpower","toxic","substitute","protect"],"name":"Seismitoad","nature":"Careful","species":"Seismitoad"},{"ability":"overcoat","evs":{"atk":0,"def":4,"hp":252,"spa":0,"spd":252,"spe":0},"gender":"F","happiness":160,"item":"heavydutyboots","ivs":{"atk":31,"def":31,"hp":31,"spa":31,"spd":31,"spe":31},"level":100,"moves":["knockoff","taunt","defog","roost"],"name":"Mandibuzz","nature":"Impish","species":"Mandibuzz"},{"ability":"ironbarbs","evs":{"atk":0,"def":4,"hp":252,"spa":0,"spd":252,"spe":0},"happiness":160,"item":"leftovers","ivs":{"atk":31,"def":31,"hp":31,"spa":31,"spd":31,"spe":0},"level":100,"moves":["knockoff","gyroball","leechseed","protect"],"name":"Ferrothorn","nature":"Relaxed","species":"Ferrothorn"}],"p2":"26876","p2rating":1565,"p2team":[{"ability":"bulletproof","evs":{"atk":252,"def":0,"hp":4,"spa":0,"spd":0,"spe":252},"happiness":160,"item":"salacberry","ivs":{"atk":31,"def":31,"hp":31,"spa":31,"spd":31,"spe":31},"level":100,"moves":["substitute","bellydrum","drainpunch","ironhead"],"name":"Kommo-o","nature":"Jolly","species":"Kommo-o"},{"ability":"drizzle","evs":{"atk":0,"def":252,"hp":248,"spa":8,"spd":0,"spe":0},"happiness":160,"item":"damprock","ivs":{"atk":31,"def":31,"hp":31,"spa":31,"spd":31,"spe":31},"level":100,"moves":["uturn","roost","scald","hurricane"],"name":"Pelipper","nature":"Bold","species":"Pelipper"},{"ability":"ironbarbs","evs":{"atk":0,"def":4,"hp":252,"spa":0,"spd":252,"spe":0},"happiness":160,"item":"leftovers","ivs":{"atk":31,"def":31,"hp":31,"spa":31,"spd":31,"spe":0},"level":100,"moves":["leechseed","spikes","protect","gyroball"],"name":"Ferrothorn","nature":"Sassy","species":"Ferrothorn"},{"ability":"swiftswim","evs":{"atk":0,"def":0,"hp":0,"spa":252,"spd":4,"spe":252},"happiness":160,"item":"lifeorb","ivs":{"atk":0,"def":31,"hp":31,"spa":31,"spd":31,"spe":31},"level":100,"moves":["hydropump","earthpower","grassknot","stealthrock"],"name":"Seismitoad","nature":"Modest","species":"Seismitoad"},{"ability":"strongjaw","evs":{"atk":252,"def":0,"hp":0,"spa":0,"spd":4,"spe":252},"gender":"N","happiness":160,"item":"choicescarf","ivs":{"atk":31,"def":31,"hp":31,"spa":31,"spd":31,"spe":31},"level":100,"moves":["fishiousrend","psychicfangs","crunch","outrage"],"name":"Dracovish","nature":"Adamant","species":"Dracovish"},{"ability":"swiftswim","evs":{"atk":252,"def":0,"hp":0,"spa":0,"spd":4,"spe":252},"happiness":160,"item":"choiceband","ivs":{"atk":31,"def":31,"hp":31,"spa":31,"spd":31,"spe":31},"level":100,"moves":["liquidation","aquajet","closecombat","psychicfangs"],"name":"Barraskewda","nature":"Adamant","species":"Barraskewda"}],"roomid":1023118,"score":[4,2],"seed":[6611,21647,49829,27905],"timestamp":"Sat Dec 28 2019 16:XX","turns":39,"winner":"96708","rated_battle":true,"average_rating":1566}