{"endType":"forfeit","format":"gen8ou","inputLog":[">version aa9f8c6b9cf4eca780a1296832ecd3b0009641e0",">version-origin 5e8529faaa5905c5f8e15eafaaefa806ee8c7d06",">start {\"formatid\":\"gen8ou\",\"seed\":[25482,20615,23215,7190],\"rated\":\"Rated battle\"}",">player p1 {\"\"name\":\"30394\",\"rating\":1238}",">player p2 {\"\"name\":\"27127\",\"rating\":1287}",">p1 team 5, 2, 3, 4, 1, 6",">p2 team 1, 2, 3, 4, 5, 6",">p1 move substitute",">p2 move taunt",">p1 switch 6",">p2 move stealthrock",">p1 move iciclecrash",">p2 move rocktomb",">p1 move iciclecrash",">p2 move spikes",">p2 switch 6",">p1 move iciclecrash",">p2 move shellsmash",">p1 move iciclecrash",">p2 move gigadrain",">p1 switch 3",">p1 move suckerpunch",">p2 move shadowball",">p2 switch 4",">p1 switch 2",">p2 move swordsdance",">p1 move highjumpkick",">p2 move suckerpunch",">p1 switch 6",">p1 move stickyweb",">p2 move ironhead"],"ladderError":true,"log":["|j|\u260630394","|j|\u260627127","|player|p1|30394|169|1238","|player|p2|27127|80|1287","|teamsize|p1|6","|teamsize|p2|6","|gametype|singles","|gen|8","|tier|[Gen 8] OU","|rated|","|rule|Sleep Clause Mod: Limit one foe put to sleep","|rule|Species Clause: Limit one of each Pok\u00e9mon","|rule|OHKO Clause: OHKO moves are banned","|rule|Evasion Moves Clause: Evasion moves are banned","|rule|Endless Battle Clause: Forcing endless battles is banned","|rule|HP Percentage Mod: HP is shown in percentages","|clearpoke","|poke|p1|Dracovish|","|poke|p1|Cinderace, M|","|poke|p1|Dragapult, M|","|poke|p1|Polteageist|","|poke|p1|Shuckle, M|","|poke|p1|Darmanitan-Galar, M|","|poke|p2|Mew|","|poke|p2|Hydreigon, M|","|poke|p2|Lucario, M|","|poke|p2|Bisharp, M|","|poke|p2|Excadrill, F|","|poke|p2|Polteageist|","|rule|Dynamax Clause: You cannot dynamax","|teampreview","|","|start","|switch|p1a: Shuckle|Shuckle, M|182\/182","|switch|p2a: Mew|Mew|342\/342","|turn|1","|","|move|p2a: Mew|Taunt|p1a: Shuckle","|-start|p1a: Shuckle|move: Taunt","|cant|p1a: Shuckle|move: Taunt|Substitute","|","|upkeep","|turn|2","|","|switch|p1a: Darmanitan|Darmanitan-Galar, M|352\/352","|move|p2a: Mew|Stealth Rock|p1a: Darmanitan","|-sidestart30394|move: Stealth Rock","|","|upkeep","|turn|3","|","|move|p2a: Mew|Rock Tomb|p1a: Darmanitan","|-supereffective|p1a: Darmanitan","|-damage|p1a: Darmanitan|202\/352","|-unboost|p1a: Darmanitan|spe|1","|move|p1a: Darmanitan|Icicle Crash|p2a: Mew","|-enditem|p2a: Mew|Focus Sash","|-damage|p2a: Mew|1\/342","|","|upkeep","|turn|4","|","|move|p2a: Mew|Spikes|p1a: Darmanitan","|-sidestart30394|Spikes","|move|p1a: Darmanitan|Icicle Crash|p2a: Mew","|-crit|p2a: Mew","|-damage|p2a: Mew|0 fnt","|faint|p2a: Mew","|","|upkeep","|","|switch|p2a: Polteageist|Polteageist|261\/261","|turn|5","|","|move|p2a: Polteageist|Shell Smash|p2a: Polteageist","|-unboost|p2a: Polteageist|def|1","|-unboost|p2a: Polteageist|spd|1","|-boost|p2a: Polteageist|atk|2","|-boost|p2a: Polteageist|spa|2","|-boost|p2a: Polteageist|spe|2","|move|p1a: Darmanitan|Icicle Crash|p2a: Polteageist","|-crit|p2a: Polteageist","|-enditem|p2a: Polteageist|Focus Sash","|-damage|p2a: Polteageist|1\/261","|-ability|p2a: Polteageist|Weak Armor|boost","|-unboost|p2a: Polteageist|def|1","|-boost|p2a: Polteageist|spe|2","|","|upkeep","|turn|6","|","|move|p2a: Polteageist|Giga Drain|p1a: Darmanitan","|-damage|p1a: Darmanitan|0 fnt","|-heal|p2a: Polteageist|102\/261|[from] drain|[of] p1a: Darmanitan","|faint|p1a: Darmanitan","|","|upkeep","|","|switch|p1a: Dragapult|Dragapult, M|318\/318","|-damage|p1a: Dragapult|279\/318|[from] Stealth Rock","|-damage|p1a: Dragapult|240\/318|[from] Spikes","|turn|7","|","|move|p1a: Dragapult|Sucker Punch|p2a: Polteageist","|-supereffective|p2a: Polteageist","|-damage|p2a: Polteageist|0 fnt","|-damage|p1a: Dragapult|209\/318|[from] item: Life Orb","|faint|p2a: Polteageist","|","|upkeep","|","|switch|p2a: Bisharp|Bisharp, M|271\/271","|turn|8","|","|switch|p1a: Cinderace|Cinderace, M|302\/302","|-damage|p1a: Cinderace|227\/302|[from] Stealth Rock","|-damage|p1a: Cinderace|190\/302|[from] Spikes","|move|p2a: Bisharp|Swords Dance|p2a: Bisharp","|-boost|p2a: Bisharp|atk|2","|","|upkeep","|turn|9","|","|move|p2a: Bisharp|Sucker Punch|p1a: Cinderace","|-damage|p1a: Cinderace|0 fnt","|faint|p1a: Cinderace","|","|upkeep","|","|switch|p1a: Shuckle|Shuckle, M|182\/182","|-damage|p1a: Shuckle|160\/182|[from] Spikes","|-damage|p1a: Shuckle|115\/182|[from] Stealth Rock","|turn|10","|","|move|p2a: Bisharp|Iron Head|p1a: Shuckle","|-supereffective|p1a: Shuckle","|-damage|p1a: Shuckle|0 fnt","|faint|p1a: Shuckle","|","|upkeep","|-message|30394 forfeited.","|","|win|27127","|l|\u260630394","|l|\u260627127","||Ladder (probably) updated, but score could not be retrieved (Response not received).",""],"p1":"30394","p1rating":1238,"p1team":[{"ability":"strongjaw","evs":{"atk":252,"def":0,"hp":4,"spa":0,"spd":0,"spe":252},"gender":"N","happiness":160,"item":"choicescarf","ivs":{"atk":31,"def":31,"hp":31,"spa":31,"spd":31,"spe":31},"level":100,"moves":["fishiousrend","outrage","earthquake","icefang"],"name":"Dracovish","nature":"Jolly","species":"Dracovish"},{"ability":"blaze","evs":{"atk":252,"def":0,"hp":4,"spa":0,"spd":0,"spe":252},"happiness":160,"item":"widelens","ivs":{"atk":31,"def":31,"hp":31,"spa":31,"spd":31,"spe":31},"level":100,"moves":["uturn","ironhead","flareblitz","highjumpkick"],"name":"Cinderace","nature":"Jolly","species":"Cinderace"},{"ability":"clearbody","evs":{"atk":252,"def":0,"hp":4,"spa":0,"spd":0,"spe":252},"happiness":160,"item":"lifeorb","ivs":{"atk":31,"def":31,"hp":31,"spa":31,"spd":31,"spe":31},"level":100,"moves":["dragondance","dragondarts","psychicfangs","suckerpunch"],"name":"Dragapult","nature":"Adamant","species":"Dragapult"},{"ability":"weakarmor","evs":{"atk":0,"def":0,"hp":0,"spa":252,"spd":0,"spe":252},"gender":"N","happiness":160,"item":"focussash","ivs":{"atk":0,"def":31,"hp":31,"spa":31,"spd":31,"spe":31},"level":100,"moves":["gigadrain","shadowball","shellsmash","storedpower"],"name":"Polteageist","nature":"Modest","species":"Polteageist"},{"ability":"sturdy","evs":{"atk":0,"def":252,"hp":4,"spa":0,"spd":252,"spe":0},"happiness":160,"item":"leftovers","ivs":{"atk":0,"def":31,"hp":31,"spa":31,"spd":31,"spe":31},"level":100,"moves":["toxic","stickyweb","stealthrock","substitute"],"name":"Shuckle","nature":"Calm","species":"Shuckle"},{"ability":"gorillatactics","evs":{"atk":252,"def":0,"hp":4,"spa":0,"spd":0,"spe":252},"happiness":160,"item":"choiceband","ivs":{"atk":31,"def":31,"hp":31,"spa":31,"spd":31,"spe":31},"level":100,"moves":["iciclecrash","earthquake","flareblitz","ironhead"],"name":"Darmanitan","nature":"Jolly","species":"darmanitangalar"}],"p2":"27127","p2rating":1287,"p2team":[{"ability":"synchronize","evs":{"atk":0,"def":0,"hp":4,"spa":252,"spd":0,"spe":252},"gender":"N","happiness":160,"item":"focussash","ivs":{"atk":31,"def":31,"hp":31,"spa":31,"spd":31,"spe":31},"level":100,"moves":["stealthrock","taunt","spikes","rocktomb"],"name":"Mew","nature":"Timid","species":"Mew"},{"ability":"levitate","evs":{"atk":0,"def":4,"hp":0,"spa":252,"spd":0,"spe":252},"happiness":160,"item":"leftovers","ivs":{"atk":31,"def":31,"hp":31,"spa":31,"spd":31,"spe":31},"level":100,"moves":["nastyplot","substitute","darkpulse","flashcannon"],"name":"Hydreigon","nature":"Timid","species":"Hydreigon"},{"ability":"justified","evs":{"atk":252,"def":0,"hp":0,"spa":0,"spd":4,"spe":252},"happiness":160,"item":"lifeorb","ivs":{"atk":31,"def":31,"hp":31,"spa":31,"spd":31,"spe":31},"level":100,"moves":["swordsdance","closecombat","earthquake","bulletpunch"],"name":"Lucario","nature":"Jolly","species":"Lucario"},{"ability":"defiant","evs":{"atk":252,"def":4,"hp":0,"spa":0,"spd":0,"spe":252},"happiness":160,"item":"blackglasses","ivs":{"atk":31,"def":31,"hp":31,"spa":31,"spd":31,"spe":31},"level":100,"moves":["swordsdance","ironhead","throatchop","suckerpunch"],"name":"Bisharp","nature":"Adamant","species":"Bisharp"},{"ability":"moldbreaker","evs":{"atk":252,"def":4,"hp":0,"spa":0,"spd":0,"spe":252},"happiness":160,"item":"leftovers","ivs":{"atk":31,"def":31,"hp":31,"spa":31,"spd":31,"spe":31},"level":100,"moves":["swordsdance","earthquake","ironhead","rapidspin"],"name":"Excadrill","nature":"Jolly","species":"Excadrill"},{"ability":"weakarmor","evs":{"atk":0,"def":4,"hp":0,"spa":252,"spd":0,"spe":252},"gender":"N","happiness":160,"item":"focussash","ivs":{"atk":31,"def":31,"hp":31,"spa":31,"spd":31,"spe":31},"level":100,"moves":["shellsmash","shadowball","gigadrain","storedpower"],"name":"Polteageist","nature":"Timid","species":"Polteageist"}],"roomid":100434,"score":[3,4],"seed":[25482,20615,23215,7190],"timestamp":"Mon Dec 30 2019 21:XX","turns":10,"winner":"27127","rated_battle":true,"average_rating":1262}