{"endType":"normal","format":"gen8ou","inputLog":[">version aa9f8c6b9cf4eca780a1296832ecd3b0009641e0",">version-origin 5e8529faaa5905c5f8e15eafaaefa806ee8c7d06",">start {\"formatid\":\"gen8ou\",\"seed\":[45673,64250,12031,5724],\"rated\":\"Rated battle\"}",">player p1 {\"\"name\":\"6765\",\"rating\":1342}",">player p2 {\"\"name\":\"79582\",\"rating\":1283}",">p1 team 3, 2, 1, 4, 5, 6",">p2 team 5, 2, 3, 4, 1, 6",">p1 switch 5",">p2 move voltswitch",">p2 switch 4",">p1 switch 5",">p2 move darkpulse",">p1 move stealthrock",">p2 move substitute",">p1 move powerwhip",">p2 move darkpulse",">p1 move powerwhip",">p2 move darkpulse",">p1 move powerwhip",">p2 move darkpulse",">p1 switch 2",">p1 move dracometeor",">p2 switch 5",">p1 switch 5",">p2 move moonblast",">p1 move flamethrower",">p2 move moonblast",">p1 switch 3",">p1 move iciclecrash",">p2 switch 4",">p1 switch 5",">p2 move willowisp",">p1 move shadowball",">p2 switch 3",">p1 switch 5",">p2 move protect",">p1 move iciclecrash",">p2 move protect",">p1 move iciclecrash",">p2 switch 3",">p1 switch 5",">p2 move voltswitch",">p2 switch 6",">p1 switch 6",">p2 move uturn",">p2 switch 2",">p1 switch 4",">p2 move defog",">p1 move bulkup",">p2 move uturn",">p2 switch 2",">p1 move suckerpunch",">p2 move iciclecrash",">p2 switch 4",">p1 move spiritbreak",">p2 move moonlight",">p2 switch 3",">p1 move spiritbreak",">p2 move toxic",">p1 move bulkup",">p2 move protect",">p1 move spiritbreak",">p2 move stealthrock",">p2 switch 2",">p1 move drainpunch",">p2 move roost",">p1 switch 6",">p2 move roost",">p1 move thunderbolt",">p2 move uturn",">p2 switch 5",">p1 switch 4",">p2 move darkpulse",">p1 move defog",">p2 move darkpulse",">p1 switch 5",">p1 move iciclecrash",">p2 switch 6",">p1 move iciclecrash",">p2 move overheat",">p2 switch 5",">p1 move iciclecrash",">p2 move roost",">p2 switch 6",">p1 move iciclecrash",">p2 move darkpulse"],"log":["|j|\u26066765","|j|\u260679582","|player|p1|6765|252|1342","|player|p2|79582|rancher|1283","|teamsize|p1|6","|teamsize|p2|6","|gametype|singles","|gen|8","|tier|[Gen 8] OU","|rated|","|rule|Sleep Clause Mod: Limit one foe put to sleep","|rule|Species Clause: Limit one of each Pok\u00e9mon","|rule|OHKO Clause: OHKO moves are banned","|rule|Evasion Moves Clause: Evasion moves are banned","|rule|Endless Battle Clause: Forcing endless battles is banned","|rule|HP Percentage Mod: HP is shown in percentages","|clearpoke","|poke|p1|Darmanitan-Galar, F|","|poke|p1|Dragapult, M|","|poke|p1|Ferrothorn, F|","|poke|p1|Grimmsnarl, M|","|poke|p1|Chandelure, M|","|poke|p1|Corviknight, F|","|poke|p2|Clefable, M|","|poke|p2|Corviknight, M|","|poke|p2|Seismitoad, M|","|poke|p2|Hydreigon, F|","|poke|p2|Rotom-Heat|","|poke|p2|Darmanitan-Galar, M|","|rule|Dynamax Clause: You cannot dynamax","|teampreview","|","|start","|switch|p1a: Ferrothorn|Ferrothorn, F|352\/352","|switch|p2a: Rotom|Rotom-Heat|304\/304","|turn|1","|","|switch|p1a: Chandelure|Chandelure, M, shiny|261\/261","|move|p2a: Rotom|Volt Switch|p1a: Chandelure","|-damage|p1a: Chandelure|159\/261","|","|switch|p2a: Hydreigon|Hydreigon, F|325\/325","|","|upkeep","|turn|2","|","|switch|p1a: Ferrothorn|Ferrothorn, F|352\/352","|move|p2a: Hydreigon|Dark Pulse|p1a: Ferrothorn","|-damage|p1a: Ferrothorn|232\/352","|","|-heal|p1a: Ferrothorn|254\/352|[from] item: Leftovers","|upkeep","|turn|3","|","|move|p2a: Hydreigon|Substitute|p2a: Hydreigon","|-start|p2a: Hydreigon|Substitute","|-damage|p2a: Hydreigon|244\/325","|move|p1a: Ferrothorn|Stealth Rock|p2a: Hydreigon","|-sidestart79582|move: Stealth Rock","|","|-heal|p2a: Hydreigon|264\/325|[from] item: Leftovers","|-heal|p1a: Ferrothorn|276\/352|[from] item: Leftovers","|upkeep","|turn|4","|","|move|p2a: Hydreigon|Dark Pulse|p1a: Ferrothorn","|-damage|p1a: Ferrothorn|146\/352","|cant|p1a: Ferrothorn|flinch","|","|-heal|p2a: Hydreigon|284\/325|[from] item: Leftovers","|-heal|p1a: Ferrothorn|168\/352|[from] item: Leftovers","|upkeep","|turn|5","|","|move|p2a: Hydreigon|Dark Pulse|p1a: Ferrothorn","|-damage|p1a: Ferrothorn|36\/352","|move|p1a: Ferrothorn|Power Whip|p2a: Hydreigon|[miss]","|-miss|p1a: Ferrothorn|p2a: Hydreigon","|","|-heal|p2a: Hydreigon|304\/325|[from] item: Leftovers","|-heal|p1a: Ferrothorn|58\/352|[from] item: Leftovers","|upkeep","|turn|6","|","|move|p2a: Hydreigon|Dark Pulse|p1a: Ferrothorn","|-damage|p1a: Ferrothorn|0 fnt","|faint|p1a: Ferrothorn","|","|-heal|p2a: Hydreigon|324\/325|[from] item: Leftovers","|upkeep","|","|switch|p1a: Dragapult|Dragapult, M|317\/317","|turn|7","|","|switch|p2a: Clefable|Clefable, M|331\/331","|move|p1a: Dragapult|Draco Meteor|p2a: Clefable","|-immune|p2a: Clefable","|","|upkeep","|turn|8","|","|switch|p1a: Chandelure|Chandelure, M, shiny|159\/261","|move|p2a: Clefable|Moonblast|p1a: Chandelure","|-resisted|p1a: Chandelure","|-damage|p1a: Chandelure|56\/261","|","|upkeep","|turn|9","|","|move|p1a: Chandelure|Flamethrower|p2a: Clefable","|-damage|p2a: Clefable|104\/331","|-damage|p1a: Chandelure|30\/261|[from] item: Life Orb","|move|p2a: Clefable|Moonblast|p1a: Chandelure","|-resisted|p1a: Chandelure","|-damage|p1a: Chandelure|0 fnt","|faint|p1a: Chandelure","|","|upkeep","|","|switch|p1a: Darmanitan|Darmanitan-Galar, F|351\/351","|turn|10","|","|switch|p2a: Rotom|Rotom-Heat|304\/304","|move|p1a: Darmanitan|Icicle Crash|p2a: Rotom","|-resisted|p2a: Rotom","|-damage|p2a: Rotom|216\/304","|","|upkeep","|turn|11","|","|switch|p1a: Dragapult|Dragapult, M|317\/317","|move|p2a: Rotom|Will-O-Wisp|p1a: Dragapult","|-status|p1a: Dragapult|brn","|","|-damage|p1a: Dragapult|298\/317 brn|[from] brn","|upkeep","|turn|12","|","|switch|p2a: Seismitoad|Seismitoad, M|414\/414","|-damage|p2a: Seismitoad|389\/414|[from] Stealth Rock","|move|p1a: Dragapult|Shadow Ball|p2a: Seismitoad","|-damage|p2a: Seismitoad|169\/414","|","|-heal|p2a: Seismitoad|194\/414|[from] item: Leftovers","|-damage|p1a: Dragapult|279\/317 brn|[from] brn","|upkeep","|turn|13","|","|switch|p1a: Darmanitan|Darmanitan-Galar, F|351\/351","|move|p2a: Seismitoad|Protect||[still]","|-fail|p2a: Seismitoad","|","|-heal|p2a: Seismitoad|219\/414|[from] item: Leftovers","|upkeep","|turn|14","|","|move|p2a: Seismitoad|Protect|p2a: Seismitoad","|-singleturn|p2a: Seismitoad|Protect","|move|p1a: Darmanitan|Icicle Crash|p2a: Seismitoad","|-activate|p2a: Seismitoad|move: Protect","|","|-heal|p2a: Seismitoad|244\/414|[from] item: Leftovers","|upkeep","|turn|15","|","|switch|p2a: Rotom|Rotom-Heat|216\/304","|move|p1a: Darmanitan|Icicle Crash|p2a: Rotom","|-resisted|p2a: Rotom","|-damage|p2a: Rotom|115\/304","|","|upkeep","|turn|16","|","|switch|p1a: Dragapult|Dragapult, M|279\/317 brn","|move|p2a: Rotom|Volt Switch|p1a: Dragapult","|-resisted|p1a: Dragapult","|-damage|p1a: Dragapult|226\/317 brn","|","|switch|p2a: Darmanitan|Darmanitan-Galar, M|351\/351","|-damage|p2a: Darmanitan|264\/351|[from] Stealth Rock","|","|-damage|p1a: Dragapult|207\/317 brn|[from] brn","|upkeep","|turn|17","|","|switch|p1a: Corviknight|Corviknight, F|399\/399","|move|p2a: Darmanitan|U-turn|p1a: Corviknight","|-resisted|p1a: Corviknight","|-damage|p1a: Corviknight|375\/399","|-damage|p2a: Darmanitan|206\/351|[from] item: Rocky Helmet|[of] p1a: Corviknight","|","|switch|p2a: Corviknight|Corviknight, M|400\/400","|-damage|p2a: Corviknight|350\/400|[from] Stealth Rock","|-ability|p2a: Corviknight|Pressure","|","|-heal|p2a: Corviknight|375\/400|[from] item: Leftovers","|upkeep","|turn|18","|","|switch|p1a: Grimmsnarl|Grimmsnarl, M|394\/394","|move|p2a: Corviknight|Defog|p1a: Grimmsnarl","|-unboost|p1a: Grimmsnarl|evasion|1","|-sideend79582|Stealth Rock|[from] move: Defog|[of] p2a: Corviknight","|","|-heal|p2a: Corviknight|400\/400|[from] item: Leftovers","|upkeep","|turn|19","|","|move|p1a: Grimmsnarl|Bulk Up|p1a: Grimmsnarl","|-boost|p1a: Grimmsnarl|atk|1","|-boost|p1a: Grimmsnarl|def|1","|move|p2a: Corviknight|U-turn|p1a: Grimmsnarl","|-damage|p1a: Grimmsnarl|348\/394","|","|switch|p2a: Darmanitan|Darmanitan-Galar, M|206\/351","|","|upkeep","|turn|20","|","|move|p1a: Grimmsnarl|Sucker Punch|p2a: Darmanitan","|-damage|p2a: Darmanitan|0 fnt","|faint|p2a: Darmanitan","|","|upkeep","|","|switch|p2a: Clefable|Clefable, M|104\/331","|turn|21","|","|move|p2a: Clefable|Moonlight|p2a: Clefable","|-heal|p2a: Clefable|269\/331","|move|p1a: Grimmsnarl|Spirit Break|p2a: Clefable","|-damage|p2a: Clefable|0 fnt","|faint|p2a: Clefable","|","|upkeep","|","|switch|p2a: Seismitoad|Seismitoad, M|244\/414","|turn|22","|","|move|p2a: Seismitoad|Toxic|p1a: Grimmsnarl","|-status|p1a: Grimmsnarl|tox","|move|p1a: Grimmsnarl|Spirit Break|p2a: Seismitoad","|-damage|p2a: Seismitoad|72\/414","|-unboost|p2a: Seismitoad|spa|1","|","|-heal|p2a: Seismitoad|97\/414|[from] item: Leftovers","|-damage|p1a: Grimmsnarl|324\/394 tox|[from] psn","|upkeep","|turn|23","|","|move|p2a: Seismitoad|Protect|p2a: Seismitoad","|-singleturn|p2a: Seismitoad|Protect","|move|p1a: Grimmsnarl|Bulk Up|p1a: Grimmsnarl","|-boost|p1a: Grimmsnarl|atk|1","|-boost|p1a: Grimmsnarl|def|1","|","|-heal|p2a: Seismitoad|122\/414|[from] item: Leftovers","|-damage|p1a: Grimmsnarl|276\/394 tox|[from] psn","|upkeep","|turn|24","|","|move|p2a: Seismitoad|Stealth Rock|p1a: Grimmsnarl","|-sidestart6765|move: Stealth Rock","|move|p1a: Grimmsnarl|Spirit Break|p2a: Seismitoad","|-damage|p2a: Seismitoad|0 fnt","|faint|p2a: Seismitoad","|","|-damage|p1a: Grimmsnarl|204\/394 tox|[from] psn","|upkeep","|","|switch|p2a: Corviknight|Corviknight, M|400\/400","|-ability|p2a: Corviknight|Pressure","|turn|25","|","|move|p2a: Corviknight|Roost||[still]","|-fail|p2a: Corviknight|heal","|move|p1a: Grimmsnarl|Drain Punch|p2a: Corviknight","|-damage|p2a: Corviknight|232\/400","|-heal|p1a: Grimmsnarl|288\/394 tox|[from] drain|[of] p2a: Corviknight","|","|-heal|p2a: Corviknight|257\/400|[from] item: Leftovers","|-damage|p1a: Grimmsnarl|192\/394 tox|[from] psn","|upkeep","|-enditem|p1a: Grimmsnarl|Sitrus Berry|[eat]","|-heal|p1a: Grimmsnarl|290\/394 tox|[from] item: Sitrus Berry","|turn|26","|","|switch|p1a: Dragapult|Dragapult, M|207\/317 brn","|-damage|p1a: Dragapult|168\/317 brn|[from] Stealth Rock","|move|p2a: Corviknight|Roost|p2a: Corviknight","|-heal|p2a: Corviknight|400\/400","|-singleturn|p2a: Corviknight|move: Roost","|","|-damage|p1a: Dragapult|149\/317 brn|[from] brn","|upkeep","|turn|27","|","|move|p1a: Dragapult|Thunderbolt|p2a: Corviknight","|-supereffective|p2a: Corviknight","|-damage|p2a: Corviknight|196\/400","|move|p2a: Corviknight|U-turn|p1a: Dragapult","|-resisted|p1a: Dragapult","|-damage|p1a: Dragapult|116\/317 brn","|","|switch|p2a: Hydreigon|Hydreigon, F|324\/325","|","|-heal|p2a: Hydreigon|325\/325|[from] item: Leftovers","|-damage|p1a: Dragapult|97\/317 brn|[from] brn","|upkeep","|turn|28","|","|switch|p1a: Corviknight|Corviknight, F|375\/399","|-damage|p1a: Corviknight|326\/399|[from] Stealth Rock","|move|p2a: Hydreigon|Dark Pulse|p1a: Corviknight","|-damage|p1a: Corviknight|163\/399","|","|upkeep","|turn|29","|","|move|p2a: Hydreigon|Dark Pulse|p1a: Corviknight","|-damage|p1a: Corviknight|0 fnt","|faint|p1a: Corviknight","|","|upkeep","|","|switch|p1a: Darmanitan|Darmanitan-Galar, F|351\/351","|-damage|p1a: Darmanitan|264\/351|[from] Stealth Rock","|turn|30","|","|switch|p2a: Rotom|Rotom-Heat|115\/304","|move|p1a: Darmanitan|Icicle Crash|p2a: Rotom","|-resisted|p2a: Rotom","|-damage|p2a: Rotom|27\/304","|","|upkeep","|turn|31","|","|move|p1a: Darmanitan|Icicle Crash|p2a: Rotom","|-resisted|p2a: Rotom","|-damage|p2a: Rotom|0 fnt","|faint|p2a: Rotom","|","|upkeep","|","|switch|p2a: Corviknight|Corviknight, M|196\/400","|-ability|p2a: Corviknight|Pressure","|turn|32","|","|move|p1a: Darmanitan|Icicle Crash|p2a: Corviknight","|-damage|p2a: Corviknight|0 fnt","|faint|p2a: Corviknight","|","|upkeep","|","|switch|p2a: Hydreigon|Hydreigon, F|325\/325","|turn|33","|","|move|p1a: Darmanitan|Icicle Crash|p2a: Hydreigon","|-supereffective|p2a: Hydreigon","|-damage|p2a: Hydreigon|0 fnt","|faint|p2a: Hydreigon","|","|win|6765","|l|\u260679582","|raw|6765's rating: 1322 &rarr; <strong>1340<\/strong><br \/>(+18 for winning)","|raw|79582's rating: 1283 &rarr; <strong>1260<\/strong><br \/>(-23 for losing)",""],"p1":"6765","p1rating":1342,"p1team":[{"ability":"gorillatactics","evs":{"atk":252,"def":0,"hp":0,"spa":0,"spd":4,"spe":252},"happiness":160,"item":"choicescarf","ivs":{"atk":31,"def":31,"hp":31,"spa":31,"spd":31,"spe":31},"level":100,"moves":["flareblitz","iciclecrash","uturn","earthquake"],"name":"Darmanitan","nature":"Jolly","species":"darmanitangalar"},{"ability":"infiltrator","evs":{"atk":0,"def":0,"hp":0,"spa":252,"spd":4,"spe":252},"happiness":160,"item":"choicespecs","ivs":{"atk":0,"def":31,"hp":31,"spa":31,"spd":31,"spe":31},"level":100,"moves":["dracometeor","scald","thunderbolt","shadowball"],"name":"Dragapult","nature":"Timid","species":"Dragapult"},{"ability":"ironbarbs","evs":{"atk":4,"def":252,"hp":252,"spa":0,"spd":0,"spe":0},"happiness":160,"item":"leftovers","ivs":{"atk":31,"def":31,"hp":31,"spa":31,"spd":31,"spe":31},"level":100,"moves":["leechseed","thunderwave","stealthrock","powerwhip"],"name":"Ferrothorn","nature":"Impish","species":"Ferrothorn"},{"ability":"prankster","evs":{"atk":252,"def":0,"hp":252,"spa":0,"spd":4,"spe":0},"gender":"M","happiness":160,"item":"sitrusberry","ivs":{"atk":31,"def":31,"hp":31,"spa":31,"spd":31,"spe":31},"level":100,"moves":["bulkup","drainpunch","suckerpunch","spiritbreak"],"name":"Grimmsnarl","nature":"Adamant","species":"Grimmsnarl"},{"ability":"flashfire","evs":{"atk":0,"def":0,"hp":0,"spa":252,"spd":4,"spe":252},"happiness":160,"item":"lifeorb","ivs":{"atk":0,"def":31,"hp":31,"spa":31,"spd":31,"spe":31},"level":100,"moves":["shadowball","flamethrower","psychic","calmmind"],"name":"Chandelure","nature":"Timid","shiny":true,"species":"Chandelure"},{"ability":"mirrorarmor","evs":{"atk":8,"def":252,"hp":248,"spa":0,"spd":0,"spe":0},"happiness":160,"item":"rockyhelmet","ivs":{"atk":31,"def":31,"hp":31,"spa":31,"spd":31,"spe":31},"level":100,"moves":["roost","bravebird","bodypress","defog"],"name":"Corviknight","nature":"Impish","species":"Corviknight"}],"p2":"79582","p2rating":1283,"p2team":[{"ability":"magicguard","evs":{"atk":0,"def":0,"hp":0,"spa":252,"spd":56,"spe":200},"happiness":160,"item":"lifeorb","ivs":{"atk":0,"def":31,"hp":31,"spa":31,"spd":31,"spe":31},"level":100,"moves":["moonblast","flamethrower","thunderbolt","moonlight"],"name":"Clefable","nature":"Modest","species":"Clefable"},{"ability":"pressure","evs":{"atk":0,"def":0,"hp":252,"spa":0,"spd":236,"spe":20},"happiness":160,"item":"leftovers","ivs":{"atk":31,"def":31,"hp":31,"spa":31,"spd":31,"spe":31},"level":100,"moves":["bodypress","uturn","defog","roost"],"name":"Corviknight","nature":"Careful","species":"Corviknight"},{"ability":"waterabsorb","evs":{"atk":0,"def":252,"hp":252,"spa":0,"spd":4,"spe":0},"happiness":160,"item":"leftovers","ivs":{"atk":0,"def":31,"hp":31,"spa":31,"spd":31,"spe":31},"level":100,"moves":["stealthrock","scald","protect","toxic"],"name":"Seismitoad","nature":"Bold","species":"Seismitoad"},{"ability":"levitate","evs":{"atk":0,"def":0,"hp":0,"spa":252,"spd":4,"spe":252},"happiness":160,"item":"leftovers","ivs":{"atk":0,"def":31,"hp":31,"spa":31,"spd":31,"spe":31},"level":100,"moves":["darkpulse","flashcannon","nastyplot","substitute"],"name":"Hydreigon","nature":"Timid","species":"Hydreigon"},{"ability":"levitate","evs":{"atk":0,"def":104,"hp":252,"spa":0,"spd":104,"spe":48},"gender":"N","happiness":160,"item":"heavydutyboots","ivs":{"atk":0,"def":31,"hp":31,"spa":31,"spd":31,"spe":31},"level":100,"moves":["voltswitch","overheat","nastyplot","willowisp"],"name":"Rotom","nature":"Bold","species":"rotomheat"},{"ability":"gorillatactics","evs":{"atk":252,"def":0,"hp":0,"spa":0,"spd":4,"spe":252},"happiness":160,"item":"choicescarf","ivs":{"atk":31,"def":31,"hp":31,"spa":31,"spd":31,"spe":31},"level":100,"moves":["iciclecrash","earthquake","flareblitz","uturn"],"name":"Darmanitan","nature":"Jolly","species":"darmanitangalar"}],"roomid":1019754,"score":[3,0],"seed":[45673,64250,12031,5724],"timestamp":"Sat Dec 28 2019 22:XX","turns":33,"winner":"6765","rated_battle":true,"average_rating":1312}