{"endType":"forfeit","format":"gen8ou","inputLog":[">version aa9f8c6b9cf4eca780a1296832ecd3b0009641e0",">version-origin 5e8529faaa5905c5f8e15eafaaefa806ee8c7d06",">start {\"formatid\":\"gen8ou\",\"seed\":[48610,14338,25339,64324],\"rated\":\"Rated battle\"}",">player p1 {\"\"name\":\"30008\",\"rating\":1325}",">player p2 {\"\"name\":\"27227\",\"rating\":1321}",">p1 team 3, 2, 1, 4, 5, 6",">p2 team 1, 2, 3, 4, 5, 6",">p1 move voltswitch",">p2 move trickroom",">p1 switch 5",">p1 switch 5",">p2 move mysticalfire",">p1 move voltswitch",">p2 move psychic",">p1 switch 2",">p1 move firstimpression",">p2 move mysticalfire",">p2 switch 6",">p1 switch 4",">p2 move psychic",">p1 move uturn",">p2 switch 4",">p1 switch 3",">p1 move substitute",">p2 move gyroball",">p1 switch 3",">p2 move knockoff",">p1 move roost",">p2 move gyroball",">p1 switch 5",">p2 move stealthrock",">p1 move thunderwave",">p2 move spikes",">p1 switch 5",">p2 switch 5",">p1 move roost",">p2 move trickroom",">p1 move defog",">p2 move trickroom",">p1 move foulplay",">p2 move trickroom",">p1 move foulplay",">p2 move willowisp",">p1 move uturn",">p2 move bodypress",">p1 switch 4",">p1 move firstimpression",">p2 move willowisp",">p1 move ironhead",">p2 move bodypress",">p2 switch 4",">p1 switch 5",">p2 move trickroom",">p1 move leechseed",">p2 move focusblast",">p1 move thunderwave",">p2 move focusblast",">p1 move stealthrock",">p2 move shadowball",">p1 switch 5",">p2 move shadowball",">p1 switch 6",">p1 move uturn",">p2 switch 2",">p1 switch 3",">p1 move substitute",">p2 switch 3",">p1 move dragondance",">p2 move defog",">p1 move dragondance",">p2 move foulplay",">p1 move dragondarts",">p2 move foulplay",">p1 switch 2",">p1 move voltswitch",">p2 switch 5",">p1 switch 3",">p1 move flareblitz",">p2 move stealthrock",">p2 switch 3",">p1 switch 5",">p2 switch 2",">p1 move stealthrock",">p2 move trickroom",">p1 switch 4",">p2 move trickroom",">p1 move foulplay",">p2 move trickroom",">p1 move uturn",">p2 move focusblast",">p1 switch 4",">p1 switch 4",">p2 move shadowball",">p1 switch 4",">p1 move powerwhip",">p2 move focusblast",">p1 move powerwhip",">p2 move shadowball",">p1 move powerwhip",">p2 move trickroom",">p2 switch 5",">p2 switch 2",">p1 move leechseed",">p2 move scald",">p1 switch 5",">p1 move earthquake",">p2 move banefulbunker"],"ladderError":true,"log":["|j|\u260630008","|j|\u260627227","|player|p1|30008|1|1325","|player|p2|27227|ethan|1321","|teamsize|p1|6","|teamsize|p2|6","|gametype|singles","|gen|8","|tier|[Gen 8] OU","|rated|","|rule|Sleep Clause Mod: Limit one foe put to sleep","|rule|Species Clause: Limit one of each Pok\u00e9mon","|rule|OHKO Clause: OHKO moves are banned","|rule|Evasion Moves Clause: Evasion moves are banned","|rule|Endless Battle Clause: Forcing endless battles is banned","|rule|HP Percentage Mod: HP is shown in percentages","|clearpoke","|poke|p1|Dragapult, M|","|poke|p1|Durant, F|","|poke|p1|Rotom-Wash|","|poke|p1|Mandibuzz, F|","|poke|p1|Ferrothorn, M|","|poke|p1|Darmanitan-Galar, F|","|poke|p2|Hatterene, F|","|poke|p2|Toxapex, F|","|poke|p2|Mandibuzz, F|","|poke|p2|Ferrothorn, F|","|poke|p2|Runerigus, M|","|poke|p2|Reuniclus, F|","|rule|Dynamax Clause: You cannot dynamax","|teampreview","|","|start","|switch|p1a: Rotom|Rotom-Wash|304\/304","|switch|p2a: Lil Witch|Hatterene, F, shiny|318\/318","|turn|1","|","|move|p1a: Rotom|Volt Switch|p2a: Lil Witch","|-damage|p2a: Lil Witch|236\/318","|","|switch|p1a: Ferrothorn|Ferrothorn, M|352\/352","|move|p2a: Lil Witch|Trick Room|p2a: Lil Witch","|-fieldstart|move: Trick Room|[of] p2a: Lil Witch","|","|upkeep","|turn|2","|","|switch|p1a: Rotom|Rotom-Wash|304\/304","|move|p2a: Lil Witch|Mystical Fire|p1a: Rotom","|-resisted|p1a: Rotom","|-damage|p1a: Rotom|258\/304","|-unboost|p1a: Rotom|spa|1","|","|-heal|p1a: Rotom|277\/304|[from] item: Leftovers","|upkeep","|turn|3","|","|move|p2a: Lil Witch|Psychic|p1a: Rotom","|-damage|p1a: Rotom|93\/304","|move|p1a: Rotom|Volt Switch|p2a: Lil Witch","|-damage|p2a: Lil Witch|178\/318","|","|switch|p1a: Durant|Durant, F|257\/257","|","|upkeep","|turn|4","|","|move|p1a: Durant|First Impression|p2a: Lil Witch","|-damage|p2a: Lil Witch|0 fnt","|-damage|p1a: Durant|232\/257|[from] item: Life Orb","|faint|p2a: Lil Witch","|","|upkeep","|","|switch|p2a: Gummy|Reuniclus, F, shiny|424\/424","|turn|5","|","|switch|p1a: Mandibuzz|Mandibuzz, F|423\/423","|move|p2a: Gummy|Psychic|p1a: Mandibuzz","|-immune|p1a: Mandibuzz","|","|-fieldend|move: Trick Room","|upkeep","|turn|6","|","|switch|p2a: Spike|Ferrothorn, F, shiny|351\/351","|move|p1a: Mandibuzz|U-turn|p2a: Spike","|-damage|p2a: Spike|321\/351","|-damage|p1a: Mandibuzz|371\/423|[from] ability: Iron Barbs|[of] p2a: Spike","|-damage|p1a: Mandibuzz|301\/423|[from] item: Rocky Helmet|[of] p2a: Spike","|","|switch|p1a: Dragapult|Dragapult, M|317\/317","|","|upkeep","|turn|7","|","|move|p1a: Dragapult|Substitute|p1a: Dragapult","|-start|p1a: Dragapult|Substitute","|-damage|p1a: Dragapult|238\/317","|move|p2a: Spike|Gyro Ball|p1a: Dragapult","|-end|p1a: Dragapult|Substitute","|","|-heal|p1a: Dragapult|257\/317|[from] item: Leftovers","|upkeep","|turn|8","|","|switch|p1a: Mandibuzz|Mandibuzz, F|301\/423","|move|p2a: Spike|Knock Off|p1a: Mandibuzz","|-resisted|p1a: Mandibuzz","|-damage|p1a: Mandibuzz|268\/423","|-enditem|p1a: Mandibuzz|Heavy-Duty Boots|[from] move: Knock Off|[of] p2a: Spike","|","|upkeep","|turn|9","|","|move|p1a: Mandibuzz|Roost|p1a: Mandibuzz","|-heal|p1a: Mandibuzz|423\/423","|-singleturn|p1a: Mandibuzz|move: Roost","|move|p2a: Spike|Gyro Ball|p1a: Mandibuzz","|-damage|p1a: Mandibuzz|287\/423","|","|upkeep","|turn|10","|","|switch|p1a: Ferrothorn|Ferrothorn, M|352\/352","|move|p2a: Spike|Stealth Rock|p1a: Ferrothorn","|-sidestart30008|move: Stealth Rock","|","|upkeep","|turn|11","|","|move|p1a: Ferrothorn|Thunder Wave|p2a: Spike","|-status|p2a: Spike|par","|cant|p2a: Spike|par","|","|upkeep","|turn|12","|","|switch|p1a: Mandibuzz|Mandibuzz, F|287\/423","|-damage|p1a: Mandibuzz|182\/423|[from] Stealth Rock","|switch|p2a: Relic|Runerigus, M, shiny|319\/319","|","|upkeep","|turn|13","|","|move|p1a: Mandibuzz|Roost|p1a: Mandibuzz","|-heal|p1a: Mandibuzz|394\/423","|-singleturn|p1a: Mandibuzz|move: Roost","|move|p2a: Relic|Trick Room|p2a: Relic","|-fieldstart|move: Trick Room|[of] p2a: Relic","|","|upkeep","|turn|14","|","|move|p1a: Mandibuzz|Defog|p2a: Relic","|-unboost|p2a: Relic|evasion|1","|-sideend30008|Stealth Rock|[from] move: Defog|[of] p1a: Mandibuzz","|move|p2a: Relic|Trick Room|p2a: Relic","|-fieldend|move: Trick Room","|","|upkeep","|turn|15","|","|move|p1a: Mandibuzz|Foul Play|p2a: Relic","|-supereffective|p2a: Relic","|-damage|p2a: Relic|149\/319","|-activate|p1a: Mandibuzz|ability: Wandering Spirit|Wandering Spirit|Overcoat|[of] p2a: Relic","|move|p2a: Relic|Trick Room|p2a: Relic","|-fieldstart|move: Trick Room|[of] p2a: Relic","|","|-heal|p2a: Relic|168\/319|[from] item: Leftovers","|upkeep","|turn|16","|","|move|p2a: Relic|Will-O-Wisp|p1a: Mandibuzz","|-status|p1a: Mandibuzz|brn","|move|p1a: Mandibuzz|Foul Play|p2a: Relic","|-supereffective|p2a: Relic","|-damage|p2a: Relic|95\/319","|","|-heal|p2a: Relic|114\/319|[from] item: Leftovers","|-damage|p1a: Mandibuzz|368\/423 brn|[from] brn","|upkeep","|turn|17","|","|move|p2a: Relic|Body Press|p1a: Mandibuzz","|-damage|p1a: Mandibuzz|304\/423 brn","|-activate|p2a: Relic|ability: Wandering Spirit|Wandering Spirit|Overcoat|[of] p1a: Mandibuzz","|move|p1a: Mandibuzz|U-turn|p2a: Relic","|-resisted|p2a: Relic","|-damage|p2a: Relic|107\/319","|-activate|p1a: Mandibuzz|ability: Wandering Spirit|Wandering Spirit|Overcoat|[of] p2a: Relic","|","|switch|p1a: Durant|Durant, F|232\/257","|","|-heal|p2a: Relic|126\/319|[from] item: Leftovers","|upkeep","|turn|18","|","|move|p1a: Durant|First Impression|p2a: Relic","|-resisted|p2a: Relic","|-damage|p2a: Relic|32\/319","|-damage|p1a: Durant|207\/257|[from] item: Life Orb","|move|p2a: Relic|Will-O-Wisp|p1a: Durant","|-status|p1a: Durant|brn","|","|-heal|p2a: Relic|51\/319|[from] item: Leftovers","|-damage|p1a: Durant|191\/257 brn|[from] brn","|upkeep","|turn|19","|","|move|p2a: Relic|Body Press|p1a: Durant","|-damage|p1a: Durant|107\/257 brn","|move|p1a: Durant|Iron Head|p2a: Relic","|-damage|p2a: Relic|0 fnt","|-damage|p1a: Durant|82\/257 brn|[from] item: Life Orb","|faint|p2a: Relic","|","|-damage|p1a: Durant|66\/257 brn|[from] brn","|-fieldend|move: Trick Room","|upkeep","|","|switch|p2a: Gummy|Reuniclus, F, shiny|424\/424","|turn|20","|","|switch|p1a: Ferrothorn|Ferrothorn, M|352\/352","|move|p2a: Gummy|Trick Room|p2a: Gummy","|-fieldstart|move: Trick Room|[of] p2a: Gummy","|","|upkeep","|turn|21","|","|move|p2a: Gummy|Focus Blast|p1a: Ferrothorn|[miss]","|-miss|p2a: Gummy|p1a: Ferrothorn","|move|p1a: Ferrothorn|Leech Seed|p2a: Gummy","|-start|p2a: Gummy|move: Leech Seed","|","|upkeep","|turn|22","|","|move|p2a: Gummy|Focus Blast|p1a: Ferrothorn","|-supereffective|p1a: Ferrothorn","|-enditem|p1a: Ferrothorn|Chople Berry|[eat]","|-enditem|p1a: Ferrothorn|Chople Berry|[weaken]","|-damage|p1a: Ferrothorn|216\/352","|move|p1a: Ferrothorn|Thunder Wave|p2a: Gummy","|-status|p2a: Gummy|par","|","|upkeep","|turn|23","|","|move|p2a: Gummy|Shadow Ball|p1a: Ferrothorn","|-damage|p1a: Ferrothorn|120\/352","|move|p1a: Ferrothorn|Stealth Rock|p2a: Gummy","|-sidestart27227|move: Stealth Rock","|","|upkeep","|turn|24","|","|switch|p1a: Durant|Durant, F|66\/257 brn","|move|p2a: Gummy|Shadow Ball|p1a: Durant","|-damage|p1a: Durant|0 fnt","|faint|p1a: Durant","|","|-fieldend|move: Trick Room","|upkeep","|","|switch|p1a: Darmanitan|Darmanitan-Galar, F|351\/351","|turn|25","|","|switch|p2a: Kalle Demos|Toxapex, F, shiny|304\/304","|-damage|p2a: Kalle Demos|266\/304|[from] Stealth Rock","|move|p1a: Darmanitan|U-turn|p2a: Kalle Demos","|-resisted|p2a: Kalle Demos","|-damage|p2a: Kalle Demos|234\/304","|","|switch|p1a: Dragapult|Dragapult, M|257\/317","|","|-heal|p1a: Dragapult|276\/317|[from] item: Leftovers","|-heal|p2a: Kalle Demos|253\/304|[from] item: Black Sludge","|upkeep","|turn|26","|","|switch|p2a: Mandy|Mandibuzz, F, shiny|423\/423","|-damage|p2a: Mandy|318\/423|[from] Stealth Rock","|move|p1a: Dragapult|Substitute|p1a: Dragapult","|-start|p1a: Dragapult|Substitute","|-damage|p1a: Dragapult|197\/317","|","|-heal|p1a: Dragapult|216\/317|[from] item: Leftovers","|upkeep","|turn|27","|","|move|p1a: Dragapult|Dragon Dance|p1a: Dragapult","|-boost|p1a: Dragapult|atk|1","|-boost|p1a: Dragapult|spe|1","|move|p2a: Mandy|Defog|p1a: Dragapult","|-sideend27227|Stealth Rock|[from] move: Defog|[of] p2a: Mandy","|","|-heal|p1a: Dragapult|235\/317|[from] item: Leftovers","|upkeep","|turn|28","|","|move|p1a: Dragapult|Dragon Dance|p1a: Dragapult","|-boost|p1a: Dragapult|atk|1","|-boost|p1a: Dragapult|spe|1","|move|p2a: Mandy|Foul Play|p1a: Dragapult","|-supereffective|p1a: Dragapult","|-end|p1a: Dragapult|Substitute","|","|-heal|p1a: Dragapult|254\/317|[from] item: Leftovers","|upkeep","|turn|29","|","|move|p1a: Dragapult|Dragon Darts|p2a: Mandy","|-damage|p2a: Mandy|198\/423","|-damage|p2a: Mandy|63\/423","|-hitcount|p2a: Mandy|2","|move|p2a: Mandy|Foul Play|p1a: Dragapult","|-supereffective|p1a: Dragapult","|-damage|p1a: Dragapult|0 fnt","|faint|p1a: Dragapult","|","|upkeep","|","|switch|p1a: Rotom|Rotom-Wash|93\/304","|turn|30","|","|switch|p2a: Spike|Ferrothorn, F, shiny|321\/351 par","|move|p1a: Rotom|Volt Switch|p2a: Spike","|-resisted|p2a: Spike","|-damage|p2a: Spike|283\/351 par","|","|switch|p1a: Darmanitan|Darmanitan-Galar, F|351\/351","|","|upkeep","|turn|31","|","|move|p1a: Darmanitan|Flare Blitz|p2a: Spike","|-supereffective|p2a: Spike","|-damage|p2a: Spike|0 fnt","|-damage|p1a: Darmanitan|308\/351|[from] ability: Iron Barbs|[of] p2a: Spike","|-damage|p1a: Darmanitan|250\/351|[from] item: Rocky Helmet|[of] p2a: Spike","|-damage|p1a: Darmanitan|157\/351|[from] Recoil","|faint|p2a: Spike","|","|upkeep","|","|switch|p2a: Kalle Demos|Toxapex, F, shiny|304\/304","|turn|32","|","|switch|p1a: Ferrothorn|Ferrothorn, M|120\/352","|switch|p2a: Gummy|Reuniclus, F, shiny|424\/424 par","|","|upkeep","|turn|33","|","|move|p1a: Ferrothorn|Stealth Rock|p2a: Gummy","|-sidestart27227|move: Stealth Rock","|cant|p2a: Gummy|par","|","|upkeep","|turn|34","|","|switch|p1a: Mandibuzz|Mandibuzz, F|304\/423 brn","|cant|p2a: Gummy|par","|","|-damage|p1a: Mandibuzz|278\/423 brn|[from] brn","|upkeep","|turn|35","|","|move|p1a: Mandibuzz|Foul Play|p2a: Gummy","|-supereffective|p2a: Gummy","|-damage|p2a: Gummy|345\/424 par","|move|p2a: Gummy|Trick Room|p2a: Gummy","|-fieldstart|move: Trick Room|[of] p2a: Gummy","|","|-damage|p1a: Mandibuzz|252\/423 brn|[from] brn","|upkeep","|turn|36","|","|move|p2a: Gummy|Focus Blast|p1a: Mandibuzz","|-damage|p1a: Mandibuzz|51\/423 brn","|move|p1a: Mandibuzz|U-turn|p2a: Gummy","|-supereffective|p2a: Gummy","|-damage|p2a: Gummy|297\/424 par","|","|switch|p1a: Ferrothorn|Ferrothorn, M|120\/352","|","|upkeep","|turn|37","|","|switch|p1a: Mandibuzz|Mandibuzz, F|51\/423 brn","|move|p2a: Gummy|Shadow Ball|p1a: Mandibuzz","|-resisted|p1a: Mandibuzz","|-damage|p1a: Mandibuzz|0 fnt","|faint|p1a: Mandibuzz","|","|upkeep","|","|switch|p1a: Ferrothorn|Ferrothorn, M|120\/352","|turn|38","|","|move|p2a: Gummy|Focus Blast|p1a: Ferrothorn|[miss]","|-miss|p2a: Gummy|p1a: Ferrothorn","|move|p1a: Ferrothorn|Power Whip|p2a: Gummy","|-damage|p2a: Gummy|113\/424 par","|","|upkeep","|turn|39","|","|move|p2a: Gummy|Shadow Ball|p1a: Ferrothorn","|-damage|p1a: Ferrothorn|20\/352","|move|p1a: Ferrothorn|Power Whip|p2a: Gummy|[miss]","|-miss|p1a: Ferrothorn|p2a: Gummy","|","|-fieldend|move: Trick Room","|upkeep","|turn|40","|","|move|p1a: Ferrothorn|Power Whip|p2a: Gummy","|-damage|p2a: Gummy|0 fnt","|faint|p2a: Gummy","|","|upkeep","|","|switch|p2a: Mandy|Mandibuzz, F, shiny|63\/423","|-damage|p2a: Mandy|0 fnt|[from] Stealth Rock","|faint|p2a: Mandy","|","|switch|p2a: Kalle Demos|Toxapex, F, shiny|304\/304","|-damage|p2a: Kalle Demos|266\/304|[from] Stealth Rock","|turn|41","|","|move|p2a: Kalle Demos|Scald|p1a: Ferrothorn","|-resisted|p1a: Ferrothorn","|-damage|p1a: Ferrothorn|0 fnt","|faint|p1a: Ferrothorn","|","|-heal|p2a: Kalle Demos|285\/304|[from] item: Black Sludge","|upkeep","|","|switch|p1a: Darmanitan|Darmanitan-Galar, F|157\/351","|turn|42","|","|move|p2a: Kalle Demos|Baneful Bunker|p2a: Kalle Demos","|-singleturn|p2a: Kalle Demos|move: Protect","|move|p1a: Darmanitan|Earthquake|p2a: Kalle Demos","|-activate|p2a: Kalle Demos|move: Protect","|","|-heal|p2a: Kalle Demos|304\/304|[from] item: Black Sludge","|upkeep","|turn|43","|-message|27227 forfeited.","|","|win|30008","|l|\u260627227","|l|\u260630008","||Ladder (probably) updated, but score could not be retrieved (Response not received).",""],"p1":"30008","p1rating":1325,"p1team":[{"ability":"infiltrator","evs":{"atk":252,"def":0,"hp":0,"spa":0,"spd":4,"spe":252},"happiness":160,"item":"leftovers","ivs":{"atk":31,"def":31,"hp":31,"spa":31,"spd":31,"spe":31},"level":100,"moves":["dragondance","dragondarts","phantomforce","substitute"],"name":"Dragapult","nature":"Adamant","species":"Dragapult"},{"ability":"hustle","evs":{"atk":252,"def":0,"hp":0,"spa":0,"spd":4,"spe":252},"happiness":160,"item":"lifeorb","ivs":{"atk":31,"def":31,"hp":31,"spa":31,"spd":31,"spe":31},"level":100,"moves":["firstimpression","superpower","thunderfang","ironhead"],"name":"Durant","nature":"Jolly","species":"Durant"},{"ability":"levitate","evs":{"atk":0,"def":252,"hp":252,"spa":4,"spd":0,"spe":0},"gender":"N","happiness":160,"item":"leftovers","ivs":{"atk":0,"def":31,"hp":31,"spa":31,"spd":31,"spe":31},"level":100,"moves":["hydropump","voltswitch","thunderwave","willowisp"],"name":"Rotom","nature":"Bold","species":"rotomwash"},{"ability":"overcoat","evs":{"atk":0,"def":252,"hp":248,"spa":0,"spd":8,"spe":0},"gender":"F","happiness":160,"item":"heavydutyboots","ivs":{"atk":31,"def":31,"hp":31,"spa":31,"spd":31,"spe":31},"level":100,"moves":["foulplay","roost","defog","uturn"],"name":"Mandibuzz","nature":"Impish","species":"Mandibuzz"},{"ability":"ironbarbs","evs":{"atk":0,"def":184,"hp":252,"spa":0,"spd":72,"spe":0},"happiness":160,"item":"chopleberry","ivs":{"atk":31,"def":31,"hp":31,"spa":31,"spd":31,"spe":31},"level":100,"moves":["stealthrock","powerwhip","leechseed","thunderwave"],"name":"Ferrothorn","nature":"Careful","species":"Ferrothorn"},{"ability":"gorillatactics","evs":{"atk":252,"def":0,"hp":0,"spa":0,"spd":4,"spe":252},"happiness":160,"item":"choicescarf","ivs":{"atk":31,"def":31,"hp":31,"spa":31,"spd":31,"spe":31},"level":100,"moves":["iciclecrash","flareblitz","uturn","earthquake"],"name":"Darmanitan","nature":"Jolly","species":"darmanitangalar"}],"p2":"27227","p2rating":1321,"p2team":[{"ability":"magicbounce","evs":{"atk":0,"def":0,"hp":252,"spa":252,"spd":4,"spe":0},"gender":"F","happiness":160,"item":"focussash","ivs":{"atk":0,"def":31,"hp":31,"spa":31,"spd":31,"spe":0},"level":100,"moves":["trickroom","psychic","dazzlinggleam","mysticalfire"],"name":"Lil Witch","nature":"Quiet","shiny":true,"species":"hatterene"},{"ability":"regenerator","evs":{"atk":0,"def":252,"hp":252,"spa":0,"spd":4,"spe":0},"gender":"F","happiness":160,"item":"blacksludge","ivs":{"atk":31,"def":31,"hp":31,"spa":31,"spd":31,"spe":31},"level":100,"moves":["banefulbunker","scald","recover","haze"],"name":"Kalle Demos","nature":"Bold","shiny":true,"species":"toxapex"},{"ability":"overcoat","evs":{"atk":0,"def":252,"hp":248,"spa":0,"spd":8,"spe":0},"gender":"F","happiness":160,"item":"rockyhelmet","ivs":{"atk":0,"def":31,"hp":31,"spa":31,"spd":31,"spe":0},"level":100,"moves":["foulplay","toxic","roost","defog"],"name":"Mandy","nature":"Impish","shiny":true,"species":"mandibuzz"},{"ability":"ironbarbs","evs":{"atk":252,"def":0,"hp":248,"spa":0,"spd":8,"spe":0},"gender":"F","happiness":160,"item":"rockyhelmet","ivs":{"atk":31,"def":31,"hp":31,"spa":31,"spd":31,"spe":0},"level":100,"moves":["stealthrock","gyroball","spikes","knockoff"],"name":"Spike","nature":"Brave","shiny":true,"species":"ferrothorn"},{"ability":"wanderingspirit","evs":{"atk":8,"def":0,"hp":248,"spa":0,"spd":252,"spe":0},"gender":"M","happiness":160,"item":"leftovers","ivs":{"atk":31,"def":31,"hp":31,"spa":31,"spd":31,"spe":0},"level":100,"moves":["trickroom","earthquake","bodypress","willowisp"],"name":"Relic","nature":"Sassy","shiny":true,"species":"runerigus"},{"ability":"magicguard","evs":{"atk":0,"def":0,"hp":252,"spa":252,"spd":4,"spe":0},"happiness":160,"item":"lifeorb","ivs":{"atk":0,"def":31,"hp":31,"spa":31,"spd":31,"spe":0},"level":100,"moves":["trickroom","psychic","shadowball","focusblast"],"name":"Gummy","nature":"Quiet","shiny":true,"species":"reuniclus"}],"roomid":101641,"score":[2,1],"seed":[48610,14338,25339,64324],"timestamp":"Mon Dec 30 2019 21:XX","turns":43,"winner":"30008","rated_battle":true,"average_rating":1323}