{"endType":"forfeit","format":"gen8ou","inputLog":[">version aa9f8c6b9cf4eca780a1296832ecd3b0009641e0",">version-origin 5e8529faaa5905c5f8e15eafaaefa806ee8c7d06",">start {\"formatid\":\"gen8ou\",\"seed\":[6481,38063,40160,26344],\"rated\":\"Rated battle\"}",">player p1 {\"\"name\":\"26704\",\"rating\":1318}",">player p2 {\"\"name\":\"25964\",\"rating\":1333}",">p1 team 4, 2, 3, 1, 5, 6",">p2 team 1, 2, 3, 4, 5, 6",">p1 move uturn",">p2 move stealthrock",">p1 switch 5",">p1 move defog",">p2 switch 3",">p1 switch 4",">p2 move throatchop",">p1 move haze",">p2 move throatchop",">p1 switch 5",">p1 move earthquake",">p2 move suckerpunch"],"log":["|j|\u260626704","|j|\u260625964","|player|p1|26704|roughneck-gen4|1318","|player|p2|25964|argenta|1333","|teamsize|p1|6","|teamsize|p2|6","|gametype|singles","|gen|8","|tier|[Gen 8] OU","|rated|","|rule|Sleep Clause Mod: Limit one foe put to sleep","|rule|Species Clause: Limit one of each Pok\u00e9mon","|rule|OHKO Clause: OHKO moves are banned","|rule|Evasion Moves Clause: Evasion moves are banned","|rule|Endless Battle Clause: Forcing endless battles is banned","|rule|HP Percentage Mod: HP is shown in percentages","|clearpoke","|poke|p1|Toxapex, M|","|poke|p1|Hatterene, F|","|poke|p1|Seismitoad, M|","|poke|p1|Darmanitan-Galar, F|","|poke|p1|Corviknight, M|","|poke|p1|Obstagoon, M|","|poke|p2|Excadrill, M|","|poke|p2|Mimikyu, F|","|poke|p2|Bisharp, F|","|poke|p2|Hydreigon, F|","|poke|p2|Dragapult, F|","|poke|p2|Aegislash, F|","|rule|Dynamax Clause: You cannot dynamax","|teampreview","|","|start","|switch|p1a: Darmanitan|Darmanitan-Galar, F|351\/351","|switch|p2a: Excadrill|Excadrill, M|361\/361","|-ability|p2a: Excadrill|Mold Breaker","|turn|1","|","|move|p1a: Darmanitan|U-turn|p2a: Excadrill","|-resisted|p2a: Excadrill","|-damage|p2a: Excadrill|259\/361","|","|switch|p1a: Corviknight|Corviknight, M|400\/400","|-ability|p1a: Corviknight|Pressure","|move|p2a: Excadrill|Stealth Rock|p1a: Corviknight","|-sidestart26704|move: Stealth Rock","|","|upkeep","|turn|2","|","|switch|p2a: Bisharp|Bisharp, F|271\/271","|move|p1a: Corviknight|Defog|p2a: Bisharp","|-unboost|p2a: Bisharp|evasion|1","|-ability|p2a: Bisharp|Defiant","|-boost|p2a: Bisharp|atk|2","|-sideend26704|Stealth Rock|[from] move: Defog|[of] p1a: Corviknight","|","|upkeep","|turn|3","|","|switch|p1a: Toxapex|Toxapex, M|304\/304","|move|p2a: Bisharp|Throat Chop|p1a: Toxapex","|-damage|p1a: Toxapex|142\/304","|-start|p1a: Toxapex|Throat Chop|[silent]","|","|-heal|p1a: Toxapex|161\/304|[from] item: Black Sludge","|upkeep","|turn|4","|","|move|p2a: Bisharp|Throat Chop|p1a: Toxapex","|-damage|p1a: Toxapex|0 fnt","|faint|p1a: Toxapex","|","|upkeep","|","|switch|p1a: Darmanitan|Darmanitan-Galar, F|351\/351","|turn|5","|","|move|p2a: Bisharp|Sucker Punch|p1a: Darmanitan","|-damage|p1a: Darmanitan|0 fnt","|faint|p1a: Darmanitan","|","|upkeep","|-message|26704 forfeited.","|","|win|25964","|l|\u260626704","|l|\u260625964","|raw|26704's rating: 1318 &rarr; <strong>1299<\/strong><br \/>(-19 for losing)","|raw|25964's rating: 1333 &rarr; <strong>1352<\/strong><br \/>(+19 for winning)",""],"p1":"26704","p1rating":1318,"p1team":[{"ability":"regenerator","evs":{"atk":0,"def":252,"hp":252,"spa":0,"spd":4,"spe":0},"happiness":160,"item":"blacksludge","ivs":{"atk":0,"def":31,"hp":31,"spa":31,"spd":31,"spe":31},"level":100,"moves":["banefulbunker","scald","haze","toxic"],"name":"Toxapex","nature":"Bold","species":"Toxapex"},{"ability":"magicbounce","evs":{"atk":0,"def":0,"hp":252,"spa":252,"spd":4,"spe":0},"gender":"F","happiness":160,"item":"leftovers","ivs":{"atk":0,"def":31,"hp":31,"spa":31,"spd":31,"spe":31},"level":100,"moves":["trickroom","dazzlinggleam","psychic","gigadrain"],"name":"Hatterene","nature":"Quiet","species":"Hatterene"},{"ability":"waterabsorb","evs":{"atk":0,"def":0,"hp":0,"spa":252,"spd":4,"spe":252},"happiness":160,"item":"leftovers","ivs":{"atk":0,"def":31,"hp":31,"spa":31,"spd":31,"spe":31},"level":100,"moves":["sludgewave","stealthrock","earthpower","hydropump"],"name":"Seismitoad","nature":"Timid","species":"Seismitoad"},{"ability":"gorillatactics","evs":{"atk":252,"def":0,"hp":0,"spa":0,"spd":4,"spe":252},"happiness":160,"item":"choicescarf","ivs":{"atk":31,"def":31,"hp":31,"spa":31,"spd":31,"spe":31},"level":100,"moves":["uturn","iciclecrash","superpower","earthquake"],"name":"Darmanitan","nature":"Jolly","species":"darmanitangalar"},{"ability":"pressure","evs":{"atk":4,"def":0,"hp":252,"spa":0,"spd":252,"spe":0},"happiness":160,"item":"leftovers","ivs":{"atk":31,"def":31,"hp":31,"spa":31,"spd":31,"spe":31},"level":100,"moves":["bulkup","defog","roost","bravebird"],"name":"Corviknight","nature":"Careful","species":"Corviknight"},{"ability":"guts","evs":{"atk":252,"def":0,"hp":0,"spa":0,"spd":4,"spe":252},"happiness":160,"item":"flameorb","ivs":{"atk":31,"def":31,"hp":31,"spa":31,"spd":31,"spe":31},"level":100,"moves":["facade","knockoff","obstruct","closecombat"],"name":"Obstagoon","nature":"Jolly","species":"Obstagoon"}],"p2":"25964","p2rating":1333,"p2team":[{"ability":"moldbreaker","evs":{"atk":252,"def":0,"hp":0,"spa":0,"spd":4,"spe":252},"happiness":160,"item":"focussash","ivs":{"atk":31,"def":31,"hp":31,"spa":31,"spd":31,"spe":31},"level":100,"moves":["stealthrock","rapidspin","earthquake","rocktomb"],"name":"Excadrill","nature":"Jolly","species":"Excadrill"},{"ability":"disguise","evs":{"atk":252,"def":0,"hp":0,"spa":0,"spd":4,"spe":252},"happiness":160,"item":"lifeorb","ivs":{"atk":31,"def":31,"hp":31,"spa":31,"spd":31,"spe":31},"level":100,"moves":["playrough","shadowclaw","shadowsneak","swordsdance"],"name":"Mimikyu","nature":"Jolly","species":"Mimikyu"},{"ability":"defiant","evs":{"atk":244,"def":0,"hp":0,"spa":0,"spd":12,"spe":252},"happiness":160,"item":"blackglasses","ivs":{"atk":31,"def":31,"hp":31,"spa":31,"spd":31,"spe":31},"level":100,"moves":["throatchop","ironhead","suckerpunch","swordsdance"],"name":"Bisharp","nature":"Jolly","species":"Bisharp"},{"ability":"levitate","evs":{"atk":0,"def":0,"hp":0,"spa":248,"spd":8,"spe":252},"happiness":160,"item":"leftovers","ivs":{"atk":0,"def":31,"hp":31,"spa":31,"spd":31,"spe":31},"level":100,"moves":["darkpulse","flashcannon","substitute","nastyplot"],"name":"Hydreigon","nature":"Timid","species":"Hydreigon"},{"ability":"infiltrator","evs":{"atk":0,"def":0,"hp":0,"spa":252,"spd":4,"spe":252},"happiness":160,"item":"choicespecs","ivs":{"atk":0,"def":31,"hp":31,"spa":31,"spd":31,"spe":31},"level":100,"moves":["dracometeor","shadowball","flamethrower","thunderbolt"],"name":"Dragapult","nature":"Timid","species":"Dragapult"},{"ability":"stancechange","evs":{"atk":248,"def":12,"hp":248,"spa":0,"spd":0,"spe":0},"happiness":160,"item":"airballoon","ivs":{"atk":31,"def":31,"hp":31,"spa":31,"spd":31,"spe":31},"level":100,"moves":["ironhead","shadowsneak","closecombat","swordsdance"],"name":"Aegislash","nature":"Adamant","species":"Aegislash"}],"roomid":102132,"score":[4,6],"seed":[6481,38063,40160,26344],"timestamp":"Mon Dec 30 2019 13:XX","turns":5,"winner":"25964","rated_battle":true,"average_rating":1325}