{"endType":"forfeit","format":"gen8ou","inputLog":[">version aa9f8c6b9cf4eca780a1296832ecd3b0009641e0",">version-origin 5e8529faaa5905c5f8e15eafaaefa806ee8c7d06",">start {\"formatid\":\"gen8ou\",\"seed\":[27654,16260,63529,15907],\"rated\":\"Rated battle\"}",">player p1 {\"\"name\":\"2134\",\"rating\":1525}",">player p2 {\"\"name\":\"18372\",\"rating\":1510}",">p1 team 1, 2, 3, 4, 5, 6",">p2 team 2, 1, 3, 4, 5, 6",">p1 move taunt",">p2 move taunt",">p1 switch 2",">p2 move stealthrock",">p1 move throatchop",">p2 move taunt",">p1 move throatchop",">p2 move spikes",">p2 switch 3",">p1 switch 3",">p2 move swordsdance",">p1 move thunderwave",">p2 move bulletpunch",">p1 switch 5",">p1 move closecombat",">p2 switch 2",">p1 move kingsshield",">p2 move phantomforce",">p1 switch 3",">p2 move phantomforce",">p1 move throatchop",">p2 move substitute",">p1 move suckerpunch",">p2 move substitute",">p1 move throatchop",">p2 move dragondance",">p1 move throatchop",">p2 move substitute",">p1 move throatchop",">p2 move substitute",">p1 switch 3",">p1 move shadowsneak",">p2 move phantomforce",">p2 switch 6",">p1 move kingsshield",">p2 move voltswitch",">p1 move closecombat",">p2 move voltswitch",">p2 switch 5",">p2 switch 4",">p1 switch 6",">p2 move dragondance",">p1 move thunderbolt",">p2 switch 5",">p1 switch 2",">p2 move overdrive",">p1 move rocktomb",">p2 move overdrive",">p1 switch 4",">p1 move closecombat",">p2 move overdrive",">p1 switch 6",">p1 move kingsshield",">p2 move overdrive",">p1 move closecombat",">p2 move overdrive",">p1 switch 2",">p1 move flamethrower",">p2 move overdrive"],"log":["|j|\u26062134","|j|\u260618372","|player|p1|2134|265|1525","|player|p2|18372|1|1510","|teamsize|p1|6","|teamsize|p2|6","|gametype|singles","|gen|8","|tier|[Gen 8] OU","|rated|","|rule|Sleep Clause Mod: Limit one foe put to sleep","|rule|Species Clause: Limit one of each Pok\u00e9mon","|rule|OHKO Clause: OHKO moves are banned","|rule|Evasion Moves Clause: Evasion moves are banned","|rule|Endless Battle Clause: Forcing endless battles is banned","|rule|HP Percentage Mod: HP is shown in percentages","|clearpoke","|poke|p1|Mew|","|poke|p1|Bisharp, M|","|poke|p1|Grimmsnarl, M|","|poke|p1|Sirfetch'd, F|","|poke|p1|Aegislash, M|","|poke|p1|Clefable, M|","|poke|p2|Dragapult, F|","|poke|p2|Mew|","|poke|p2|Lucario, F|","|poke|p2|Gyarados, F|","|poke|p2|Bisharp, M|","|poke|p2|Toxtricity, M|","|rule|Dynamax Clause: You cannot dynamax","|teampreview","|","|start","|switch|p1a: Mew|Mew|404\/404","|switch|p2a: Mew|Mew|404\/404","|turn|1","|","|move|p2a: Mew|Taunt|p1a: Mew","|-start|p1a: Mew|move: Taunt","|cant|p1a: Mew|move: Taunt|Taunt","|","|upkeep","|turn|2","|","|switch|p1a: Bisharp|Bisharp, M|271\/271","|move|p2a: Mew|Stealth Rock|p1a: Bisharp","|-sidestart2134|move: Stealth Rock","|","|upkeep","|turn|3","|","|move|p2a: Mew|Taunt|p1a: Bisharp","|-start|p1a: Bisharp|move: Taunt","|move|p1a: Bisharp|Throat Chop|p2a: Mew","|-supereffective|p2a: Mew","|-damage|p2a: Mew|45\/404","|-start|p2a: Mew|Throat Chop|[silent]","|-damage|p1a: Bisharp|244\/271|[from] item: Life Orb","|","|upkeep","|turn|4","|","|move|p2a: Mew|Spikes|p1a: Bisharp","|-sidestart2134|Spikes","|move|p1a: Bisharp|Throat Chop|p2a: Mew","|-supereffective|p2a: Mew","|-damage|p2a: Mew|0 fnt","|-damage|p1a: Bisharp|217\/271|[from] item: Life Orb","|faint|p2a: Mew","|","|upkeep","|","|switch|p2a: Lucario|Lucario, F|281\/281","|turn|5","|","|switch|p1a: Grimmsnarl|Grimmsnarl, M|394\/394","|-damage|p1a: Grimmsnarl|345\/394|[from] Stealth Rock","|-damage|p1a: Grimmsnarl|296\/394|[from] Spikes","|move|p2a: Lucario|Swords Dance|p2a: Lucario","|-boost|p2a: Lucario|atk|2","|","|upkeep","|turn|6","|","|move|p2a: Lucario|Bullet Punch|p1a: Grimmsnarl","|-supereffective|p1a: Grimmsnarl","|-damage|p1a: Grimmsnarl|0 fnt","|-damage|p2a: Lucario|253\/281|[from] item: Life Orb","|faint|p1a: Grimmsnarl","|","|upkeep","|","|switch|p1a: Aegislash|Aegislash, M|324\/324","|-damage|p1a: Aegislash|304\/324|[from] Stealth Rock","|-item|p1a: Aegislash|Air Balloon","|turn|7","|","|switch|p2a: Dragapult|Dragapult, F|317\/317","|-formechange|p1a: Aegislash|Aegislash-Blade||[from] ability: Stance Change","|move|p1a: Aegislash|Close Combat|p2a: Dragapult","|-immune|p2a: Dragapult","|","|upkeep","|turn|8","|","|-formechange|p1a: Aegislash|Aegislash||[from] ability: Stance Change","|move|p1a: Aegislash|King's Shield|p1a: Aegislash","|-singleturn|p1a: Aegislash|Protect","|move|p2a: Dragapult|Phantom Force||[still]","|-prepare|p2a: Dragapult|Phantom Force|p1a: Aegislash","|","|upkeep","|turn|9","|","|switch|p1a: Bisharp|Bisharp, M|217\/271","|-damage|p1a: Bisharp|201\/271|[from] Stealth Rock","|-damage|p1a: Bisharp|168\/271|[from] Spikes","|move|p2a: Dragapult|Phantom Force|p1a: Bisharp|[from]lockedmove","|-resisted|p1a: Bisharp","|-damage|p1a: Bisharp|93\/271","|","|upkeep","|turn|10","|","|move|p2a: Dragapult|Substitute|p2a: Dragapult","|-start|p2a: Dragapult|Substitute","|-damage|p2a: Dragapult|238\/317","|move|p1a: Bisharp|Throat Chop|p2a: Dragapult","|-supereffective|p2a: Dragapult","|-crit|p2a: Dragapult","|-end|p2a: Dragapult|Substitute","|-damage|p1a: Bisharp|66\/271|[from] item: Life Orb","|","|-heal|p2a: Dragapult|257\/317|[from] item: Leftovers","|upkeep","|turn|11","|","|move|p1a: Bisharp|Sucker Punch||[still]","|-fail|p1a: Bisharp","|move|p2a: Dragapult|Substitute|p2a: Dragapult","|-start|p2a: Dragapult|Substitute","|-damage|p2a: Dragapult|178\/317","|","|-heal|p2a: Dragapult|197\/317|[from] item: Leftovers","|upkeep","|turn|12","|","|move|p2a: Dragapult|Dragon Dance|p2a: Dragapult","|-boost|p2a: Dragapult|atk|1","|-boost|p2a: Dragapult|spe|1","|move|p1a: Bisharp|Throat Chop|p2a: Dragapult","|-supereffective|p2a: Dragapult","|-end|p2a: Dragapult|Substitute","|-damage|p1a: Bisharp|39\/271|[from] item: Life Orb","|","|-heal|p2a: Dragapult|216\/317|[from] item: Leftovers","|upkeep","|turn|13","|","|move|p2a: Dragapult|Substitute|p2a: Dragapult","|-start|p2a: Dragapult|Substitute","|-damage|p2a: Dragapult|137\/317","|move|p1a: Bisharp|Throat Chop|p2a: Dragapult","|-supereffective|p2a: Dragapult","|-end|p2a: Dragapult|Substitute","|-damage|p1a: Bisharp|12\/271|[from] item: Life Orb","|","|-heal|p2a: Dragapult|156\/317|[from] item: Leftovers","|upkeep","|turn|14","|","|move|p2a: Dragapult|Substitute|p2a: Dragapult","|-start|p2a: Dragapult|Substitute","|-damage|p2a: Dragapult|77\/317","|move|p1a: Bisharp|Throat Chop|p2a: Dragapult","|-supereffective|p2a: Dragapult","|-end|p2a: Dragapult|Substitute","|-damage|p1a: Bisharp|0 fnt|[from] item: Life Orb","|faint|p1a: Bisharp","|","|-heal|p2a: Dragapult|96\/317|[from] item: Leftovers","|upkeep","|","|switch|p1a: Aegislash|Aegislash, M|304\/324","|-damage|p1a: Aegislash|284\/324|[from] Stealth Rock","|-item|p1a: Aegislash|Air Balloon","|turn|15","|","|-formechange|p1a: Aegislash|Aegislash-Blade||[from] ability: Stance Change","|move|p1a: Aegislash|Shadow Sneak|p2a: Dragapult","|-supereffective|p2a: Dragapult","|-damage|p2a: Dragapult|0 fnt","|faint|p2a: Dragapult","|","|upkeep","|","|switch|p2a: Toxtricity|Toxtricity, M|291\/291","|turn|16","|","|-formechange|p1a: Aegislash|Aegislash||[from] ability: Stance Change","|move|p1a: Aegislash|King's Shield|p1a: Aegislash","|-singleturn|p1a: Aegislash|Protect","|move|p2a: Toxtricity|Volt Switch|p1a: Aegislash","|-activate|p1a: Aegislash|move: Protect","|","|upkeep","|turn|17","|","|move|p2a: Toxtricity|Volt Switch|p1a: Aegislash","|-damage|p1a: Aegislash|166\/324","|-enditem|p1a: Aegislash|Air Balloon","|","|switch|p2a: Bisharp|Bisharp, M|271\/271","|-formechange|p1a: Aegislash|Aegislash-Blade||[from] ability: Stance Change","|move|p1a: Aegislash|Close Combat|p2a: Bisharp","|-supereffective|p2a: Bisharp","|-damage|p2a: Bisharp|0 fnt","|-unboost|p1a: Aegislash|def|1","|-unboost|p1a: Aegislash|spd|1","|faint|p2a: Bisharp","|","|upkeep","|","|switch|p2a: Gyarados|Gyarados, F|331\/331","|turn|18","|","|switch|p1a: Clefable|Clefable, M|370\/370","|move|p2a: Gyarados|Dragon Dance|p2a: Gyarados","|-boost|p2a: Gyarados|atk|1","|-boost|p2a: Gyarados|spe|1","|","|upkeep","|turn|19","|","|switch|p2a: Toxtricity|Toxtricity, M|291\/291","|move|p1a: Clefable|Thunderbolt|p2a: Toxtricity","|-resisted|p2a: Toxtricity","|-damage|p2a: Toxtricity|209\/291","|","|upkeep","|turn|20","|","|switch|p1a: Mew|Mew|404\/404","|-damage|p1a: Mew|354\/404|[from] Spikes","|-damage|p1a: Mew|304\/404|[from] Stealth Rock","|move|p2a: Toxtricity|Overdrive|p1a: Mew","|-crit|p1a: Mew","|-damage|p1a: Mew|7\/404","|","|upkeep","|turn|21","|","|move|p2a: Toxtricity|Overdrive|p1a: Mew","|-damage|p1a: Mew|0 fnt","|faint|p1a: Mew","|","|upkeep","|","|switch|p1a: Sirfetch'd|Sirfetch'd, F|266\/266","|-damage|p1a: Sirfetch'd|233\/266|[from] Spikes","|-damage|p1a: Sirfetch'd|217\/266|[from] Stealth Rock","|turn|22","|","|move|p2a: Toxtricity|Overdrive|p1a: Sirfetch'd","|-damage|p1a: Sirfetch'd|0 fnt","|faint|p1a: Sirfetch'd","|","|upkeep","|","|switch|p1a: Aegislash|Aegislash, M|166\/324","|-damage|p1a: Aegislash|126\/324|[from] Spikes","|-damage|p1a: Aegislash|106\/324|[from] Stealth Rock","|turn|23","|","|move|p1a: Aegislash|King's Shield|p1a: Aegislash","|-singleturn|p1a: Aegislash|Protect","|move|p2a: Toxtricity|Overdrive|p1a: Aegislash","|-activate|p1a: Aegislash|move: Protect","|","|upkeep","|turn|24","|","|move|p2a: Toxtricity|Overdrive|p1a: Aegislash","|-damage|p1a: Aegislash|0 fnt","|faint|p1a: Aegislash","|","|upkeep","|","|switch|p1a: Clefable|Clefable, M|370\/370","|turn|25","|","|move|p2a: Toxtricity|Overdrive|p1a: Clefable","|-damage|p1a: Clefable|112\/370","|move|p1a: Clefable|Flamethrower|p2a: Toxtricity","|-damage|p2a: Toxtricity|53\/291","|-status|p2a: Toxtricity|brn","|","|-damage|p2a: Toxtricity|35\/291 brn|[from] brn","|upkeep","|turn|26","|-message|2134 forfeited.","|","|win|18372","|l|\u26062134","|l|\u260618372","|raw|2134's rating: 1502 &rarr; <strong>1482<\/strong><br \/>(-20 for losing)","|raw|18372's rating: 1490 &rarr; <strong>1511<\/strong><br \/>(+21 for winning)",""],"p1":"2134","p1rating":1525,"p1team":[{"ability":"synchronize","evs":{"atk":4,"def":0,"hp":252,"spa":0,"spd":252,"spe":0},"gender":"N","happiness":160,"item":"focussash","ivs":{"atk":31,"def":31,"hp":31,"spa":31,"spd":31,"spe":31},"level":100,"moves":["taunt","rocktomb","spikes","stealthrock"],"name":"Mew","nature":"Careful","species":"Mew"},{"ability":"defiant","evs":{"atk":252,"def":0,"hp":0,"spa":0,"spd":4,"spe":252},"happiness":160,"item":"lifeorb","ivs":{"atk":31,"def":31,"hp":31,"spa":31,"spd":31,"spe":31},"level":100,"moves":["throatchop","suckerpunch","swordsdance","ironhead"],"name":"Bisharp","nature":"Jolly","species":"Bisharp"},{"ability":"prankster","evs":{"atk":4,"def":0,"hp":252,"spa":0,"spd":252,"spe":0},"gender":"M","happiness":160,"item":"lightclay","ivs":{"atk":31,"def":31,"hp":31,"spa":31,"spd":31,"spe":31},"level":100,"moves":["reflect","lightscreen","thunderwave","spiritbreak"],"name":"Grimmsnarl","nature":"Careful","species":"Grimmsnarl"},{"ability":"scrappy","evs":{"atk":252,"def":0,"hp":4,"spa":0,"spd":0,"spe":252},"happiness":160,"item":"choiceband","ivs":{"atk":31,"def":31,"hp":31,"spa":31,"spd":31,"spe":31},"level":100,"moves":["closecombat","knockoff","poisonjab","firstimpression"],"name":"Sirfetch'd","nature":"Adamant","species":"Sirfetch'd"},{"ability":"stancechange","evs":{"atk":252,"def":0,"hp":252,"spa":0,"spd":4,"spe":0},"happiness":160,"item":"airballoon","ivs":{"atk":31,"def":31,"hp":31,"spa":31,"spd":31,"spe":31},"level":100,"moves":["shadowsneak","kingsshield","ironhead","closecombat"],"name":"Aegislash","nature":"Adamant","species":"Aegislash"},{"ability":"magicguard","evs":{"atk":0,"def":0,"hp":156,"spa":252,"spd":0,"spe":100},"happiness":160,"item":"lifeorb","ivs":{"atk":31,"def":31,"hp":31,"spa":31,"spd":31,"spe":31},"level":100,"moves":["moonblast","flamethrower","thunderbolt","moonlight"],"name":"Clefable","nature":"Modest","species":"Clefable"}],"p2":"18372","p2rating":1510,"p2team":[{"ability":"infiltrator","evs":{"atk":252,"def":0,"hp":0,"spa":0,"spd":4,"spe":252},"happiness":160,"item":"leftovers","ivs":{"atk":31,"def":31,"hp":31,"spa":31,"spd":31,"spe":31},"level":100,"moves":["dragondarts","phantomforce","substitute","dragondance"],"name":"Dragapult","nature":"Jolly","species":"Dragapult"},{"ability":"synchronize","evs":{"atk":4,"def":0,"hp":252,"spa":0,"spd":0,"spe":252},"gender":"N","happiness":160,"item":"focussash","ivs":{"atk":31,"def":31,"hp":31,"spa":31,"spd":31,"spe":31},"level":100,"moves":["rocktomb","spikes","stealthrock","taunt"],"name":"Mew","nature":"Jolly","species":"Mew"},{"ability":"justified","evs":{"atk":252,"def":0,"hp":0,"spa":0,"spd":4,"spe":252},"happiness":160,"item":"lifeorb","ivs":{"atk":31,"def":31,"hp":31,"spa":31,"spd":31,"spe":31},"level":100,"moves":["closecombat","bulletpunch","earthquake","swordsdance"],"name":"Lucario","nature":"Jolly","species":"Lucario"},{"ability":"moxie","evs":{"atk":252,"def":0,"hp":0,"spa":0,"spd":4,"spe":252},"happiness":160,"item":"heavydutyboots","ivs":{"atk":31,"def":31,"hp":31,"spa":31,"spd":31,"spe":31},"level":100,"moves":["waterfall","powerwhip","earthquake","dragondance"],"name":"Gyarados","nature":"Jolly","species":"Gyarados"},{"ability":"defiant","evs":{"atk":252,"def":0,"hp":0,"spa":0,"spd":4,"spe":252},"happiness":160,"item":"lifeorb","ivs":{"atk":31,"def":31,"hp":31,"spa":31,"spd":31,"spe":31},"level":100,"moves":["ironhead","throatchop","suckerpunch","swordsdance"],"name":"Bisharp","nature":"Jolly","species":"Bisharp"},{"ability":"punkrock","evs":{"atk":0,"def":0,"hp":0,"spa":252,"spd":4,"spe":252},"happiness":160,"item":"choicespecs","ivs":{"atk":0,"def":31,"hp":31,"spa":31,"spd":31,"spe":31},"level":100,"moves":["overdrive","voltswitch","sludgewave","boomburst"],"name":"Toxtricity","nature":"Timid","species":"Toxtricity"}],"roomid":100834,"score":[1,3],"seed":[27654,16260,63529,15907],"timestamp":"Mon Dec 30 2019 16:XX","turns":26,"winner":"18372","rated_battle":true,"average_rating":1517}