{"endType":"forfeit","format":"gen8ou","inputLog":[">version aa9f8c6b9cf4eca780a1296832ecd3b0009641e0",">version-origin 5e8529faaa5905c5f8e15eafaaefa806ee8c7d06",">start {\"formatid\":\"gen8ou\",\"seed\":[63176,5246,22975,33128],\"rated\":\"Rated battle\"}",">player p1 {\"\"name\":\"25030\",\"rating\":1216}",">player p2 {\"\"name\":\"18032\",\"rating\":1196}",">p1 team 5, 2, 3, 4, 1, 6",">p2 team 3, 2, 1, 4, 5, 6",">p1 move willowisp",">p2 switch 2",">p1 move nightshade",">p2 move psyshock",">p1 move nightshade",">p2 move psyshock",">p1 move strengthsap",">p2 move gigadrain",">p1 switch 5"],"log":["|j|\u260625030","|j|\u260618032","|player|p1|25030|80|1216","|player|p2|18032|1|1196","|teamsize|p1|6","|teamsize|p2|6","|gametype|singles","|gen|8","|tier|[Gen 8] OU","|rated|","|rule|Sleep Clause Mod: Limit one foe put to sleep","|rule|Species Clause: Limit one of each Pok\u00e9mon","|rule|OHKO Clause: OHKO moves are banned","|rule|Evasion Moves Clause: Evasion moves are banned","|rule|Endless Battle Clause: Forcing endless battles is banned","|rule|HP Percentage Mod: HP is shown in percentages","|clearpoke","|poke|p1|Pincurchin, F|","|poke|p1|Hawlucha, M|","|poke|p1|Gardevoir, F|","|poke|p1|Gastrodon-East, M|","|poke|p1|Corsola-Galar, M|","|poke|p1|Hydreigon, M|","|poke|p2|Salazzle, F|","|poke|p2|Hatterene, F|","|poke|p2|Excadrill, F|","|poke|p2|Dragapult, F|","|poke|p2|Araquanid, M|","|poke|p2|Klinklang|","|rule|Dynamax Clause: You cannot dynamax","|teampreview","|","|start","|switch|p1a: Corsola|Corsola-Galar, M|324\/324","|switch|p2a: Excadrill|Excadrill, F|361\/361","|-ability|p2a: Excadrill|Mold Breaker","|-item|p2a: Excadrill|Air Balloon","|turn|1","|","|switch|p2a: Hatterene|Hatterene, F|318\/318","|move|p1a: Corsola|Will-O-Wisp|p2a: Hatterene","|move|p2a: Hatterene|Will-O-Wisp|p1a: Corsola|[from]Magic Bounce","|-status|p1a: Corsola|brn","|","|-damage|p1a: Corsola|304\/324 brn|[from] brn","|upkeep","|turn|2","|","|move|p1a: Corsola|Night Shade|p2a: Hatterene","|-damage|p2a: Hatterene|218\/318","|move|p2a: Hatterene|Psyshock|p1a: Corsola","|-damage|p1a: Corsola|201\/324 brn","|","|-damage|p1a: Corsola|181\/324 brn|[from] brn","|upkeep","|turn|3","|","|move|p1a: Corsola|Night Shade|p2a: Hatterene","|-damage|p2a: Hatterene|118\/318","|move|p2a: Hatterene|Psyshock|p1a: Corsola","|-damage|p1a: Corsola|75\/324 brn","|","|-damage|p1a: Corsola|55\/324 brn|[from] brn","|upkeep","|turn|4","|","|move|p1a: Corsola|Strength Sap|p2a: Hatterene","|move|p2a: Hatterene|Strength Sap|p1a: Corsola|[from]Magic Bounce","|-unboost|p1a: Corsola|atk|1","|-heal|p2a: Hatterene|221\/318","|move|p2a: Hatterene|Giga Drain|p1a: Corsola","|-damage|p1a: Corsola|8\/324 brn","|-heal|p2a: Hatterene|245\/318|[from] drain|[of] p1a: Corsola","|-start|p2a: Hatterene|Disable|Giga Drain|[from] ability: Cursed Body|[of] p1a: Corsola","|","|-damage|p1a: Corsola|0 fnt|[from] brn","|faint|p1a: Corsola","|upkeep","|","|switch|p1a: Pincurchin|Pincurchin, F|300\/300","|-fieldstart|move: Electric Terrain|[from] ability: Electric Surge|[of] p1a: Pincurchin","|turn|5","|-message|25030 forfeited.","|","|win|18032","|l|\u260625030","|raw|25030's rating: 1217 &rarr; <strong>1192<\/strong><br \/>(-25 for losing)","|raw|18032's rating: 1222 &rarr; <strong>1247<\/strong><br \/>(+25 for winning)",""],"p1":"25030","p1rating":1216,"p1team":[{"ability":"electricsurge","evs":{"atk":4,"def":252,"hp":252,"spa":0,"spd":0,"spe":0},"gender":"F","happiness":160,"item":"focussash","ivs":{"atk":0,"def":31,"hp":31,"spa":31,"spd":31,"spe":31},"level":100,"moves":["recover","scald","memento","discharge"],"name":"Pincurchin","nature":"Impish","species":"Pincurchin"},{"ability":"unburden","evs":{"atk":252,"def":0,"hp":0,"spa":0,"spd":4,"spe":252},"gender":"M","happiness":160,"item":"electricseed","ivs":{"atk":31,"def":31,"hp":31,"spa":31,"spd":31,"spe":31},"level":100,"moves":["swordsdance","acrobatics","drainpunch","thunderpunch"],"name":"Hawlucha","nature":"Adamant","shiny":true,"species":"Hawlucha"},{"ability":"trace","evs":{"atk":0,"def":0,"hp":0,"spa":252,"spd":4,"spe":252},"gender":"F","happiness":160,"item":"assaultvest","ivs":{"atk":0,"def":31,"hp":31,"spa":31,"spd":31,"spe":31},"level":100,"moves":["energyball","psychic","moonblast","mysticalfire"],"name":"Gardevoir","nature":"Timid","shiny":true,"species":"Gardevoir"},{"ability":"stormdrain","evs":{"atk":0,"def":0,"hp":252,"spa":4,"spd":252,"spe":0},"gender":"M","happiness":160,"item":"wikiberry","ivs":{"atk":0,"def":31,"hp":31,"spa":31,"spd":31,"spe":31},"level":100,"moves":["scald","earthpower","icebeam","recover"],"name":"Gastrodon","nature":"Calm","species":"Gastrodon-East"},{"ability":"cursedbody","evs":{"atk":0,"def":46,"hp":252,"spa":0,"spd":210,"spe":0},"gender":"M","happiness":160,"item":"eviolite","ivs":{"atk":0,"def":31,"hp":31,"spa":31,"spd":31,"spe":31},"level":100,"moves":["stealthrock","strengthsap","nightshade","willowisp"],"name":"Corsola","nature":"Calm","species":"corsolagalar"},{"ability":"levitate","evs":{"atk":0,"def":0,"hp":0,"spa":252,"spd":4,"spe":252},"gender":"M","happiness":160,"item":"leftovers","ivs":{"atk":0,"def":31,"hp":31,"spa":31,"spd":31,"spe":31},"level":100,"moves":["substitute","nastyplot","flashcannon","darkpulse"],"name":"Hydreigon","nature":"Timid","species":"Hydreigon"}],"p2":"18032","p2rating":1196,"p2team":[{"ability":"corrosion","evs":{"atk":0,"def":0,"hp":248,"spa":8,"spd":0,"spe":252},"gender":"F","happiness":160,"item":"blacksludge","ivs":{"atk":0,"def":31,"hp":31,"spa":31,"spd":31,"spe":31},"level":100,"moves":["flamethrower","toxic","nastyplot","sludgewave"],"name":"Salazzle","nature":"Timid","species":"Salazzle"},{"ability":"magicbounce","evs":{"atk":0,"def":0,"hp":252,"spa":252,"spd":4,"spe":0},"gender":"F","happiness":160,"item":"assaultvest","ivs":{"atk":0,"def":31,"hp":31,"spa":31,"spd":31,"spe":31},"level":100,"moves":["mysticalfire","gigadrain","psyshock","dazzlinggleam"],"name":"Hatterene","nature":"Modest","species":"Hatterene"},{"ability":"moldbreaker","evs":{"atk":252,"def":0,"hp":0,"spa":0,"spd":4,"spe":252},"happiness":160,"item":"airballoon","ivs":{"atk":31,"def":31,"hp":31,"spa":31,"spd":31,"spe":31},"level":100,"moves":["earthquake","stealthrock","rapidspin","ironhead"],"name":"Excadrill","nature":"Jolly","species":"Excadrill"},{"ability":"infiltrator","evs":{"atk":252,"def":0,"hp":0,"spa":4,"spd":0,"spe":252},"happiness":160,"item":"choicescarf","ivs":{"atk":31,"def":31,"hp":31,"spa":31,"spd":31,"spe":31},"level":100,"moves":["dragondarts","psychicfangs","phantomforce","fireblast"],"name":"Dragapult","nature":"Hasty","species":"Dragapult"},{"ability":"waterbubble","evs":{"atk":0,"def":252,"hp":216,"spa":0,"spd":0,"spe":0},"happiness":160,"item":"leftovers","ivs":{"atk":31,"def":31,"hp":31,"spa":31,"spd":31,"spe":31},"level":100,"moves":["stickyweb","liquidation","gigadrain","mirrorcoat"],"name":"Araquanid","nature":"Impish","species":"Araquanid"},{"ability":"clearbody","evs":{"atk":252,"def":0,"hp":0,"spa":0,"spd":4,"spe":252},"gender":"N","happiness":160,"item":"lifeorb","ivs":{"atk":31,"def":31,"hp":31,"spa":31,"spd":31,"spe":31},"level":100,"moves":["shiftgear","wildcharge","geargrind","substitute"],"name":"Klinklang","nature":"Adamant","species":"Klinklang"}],"roomid":1018482,"score":[5,6],"seed":[63176,5246,22975,33128],"timestamp":"Sat Dec 28 2019 17:XX","turns":5,"winner":"18032","rated_battle":true,"average_rating":1206}