{"endType":"forfeit","format":"gen8ou","inputLog":[">version aa9f8c6b9cf4eca780a1296832ecd3b0009641e0",">version-origin 5e8529faaa5905c5f8e15eafaaefa806ee8c7d06",">start {\"formatid\":\"gen8ou\",\"seed\":[34341,13574,51388,11851],\"rated\":\"Rated battle\"}",">player p1 {\"\"name\":\"26625\",\"rating\":1234}",">player p2 {\"\"name\":\"10637\",\"rating\":1249}",">p1 team 6, 2, 3, 4, 5, 1",">p2 team 1, 2, 3, 4, 5, 6",">p1 move trick",">p2 move stealthrock",">p1 move willowisp",">p2 switch 2",">p1 move trick",">p2 move dracometeor",">p1 move voltswitch",">p2 move dracometeor",">p1 switch 3",">p1 move earthquake",">p2 switch 6",">p1 switch 3",">p2 move surf",">p1 switch 6",">p1 move rapidspin",">p2 move surf",">p1 move ironhead",">p2 move surf",">p1 switch 3",">p1 move iciclecrash",">p2 switch 2",">p1 switch 5",">p2 move thunderwave",">p1 move thunderwave",">p2 switch 5",">p1 move reflect",">p2 move swordsdance",">p1 move reflect",">p2 move ironhead",">p1 switch 2",">p1 move shellsmash",">p2 move earthquake",">p1 move gigadrain",">p2 switch 2",">p1 move shadowball",">p2 move surf",">p2 switch 4",">p1 move gigadrain",">p2 move shadowsneak",">p1 switch 5",">p1 move earthquake",">p2 switch 5"],"log":["|j|\u260626625","|j|\u260610637","|player|p1|26625|ltsurge|1234","|player|p2|10637|colress|1249","|teamsize|p1|6","|teamsize|p2|6","|gametype|singles","|gen|8","|tier|[Gen 8] OU","|rated|","|rule|Sleep Clause Mod: Limit one foe put to sleep","|rule|Species Clause: Limit one of each Pok\u00e9mon","|rule|OHKO Clause: OHKO moves are banned","|rule|Evasion Moves Clause: Evasion moves are banned","|rule|Endless Battle Clause: Forcing endless battles is banned","|rule|HP Percentage Mod: HP is shown in percentages","|clearpoke","|poke|p1|Excadrill, F|","|poke|p1|Polteageist|","|poke|p1|Darmanitan-Galar, F|","|poke|p1|Hydreigon, M|","|poke|p1|Grimmsnarl, M|","|poke|p1|Rotom-Wash|","|poke|p2|Tyranitar, F|","|poke|p2|Dragapult, M|","|poke|p2|Cinderace, F|","|poke|p2|Mimikyu, F|","|poke|p2|Excadrill, M|","|poke|p2|Mantine, M|","|rule|Dynamax Clause: You cannot dynamax","|teampreview","|","|start","|switch|p1a: Rotom|Rotom-Wash|303\/303","|switch|p2a: Tyranitar|Tyranitar, F|404\/404","|-weather|Sandstorm|[from] ability: Sand Stream|[of] p2a: Tyranitar","|turn|1","|","|move|p1a: Rotom|Trick|p2a: Tyranitar","|-activate|p1a: Rotom|move: Trick|[of] p2a: Tyranitar","|-item|p2a: Tyranitar|Choice Scarf|[from] move: Trick","|-item|p1a: Rotom|Smooth Rock|[from] move: Trick","|move|p2a: Tyranitar|Stealth Rock|p1a: Rotom","|-sidestart26625|move: Stealth Rock","|","|-weather|Sandstorm|[upkeep]","|-damage|p1a: Rotom|285\/303|[from] Sandstorm","|upkeep","|turn|2","|","|switch|p2a: Dragapult|Dragapult, M, shiny|317\/317","|move|p1a: Rotom|Will-O-Wisp|p2a: Dragapult|[miss]","|-miss|p1a: Rotom|p2a: Dragapult","|","|-weather|Sandstorm|[upkeep]","|-damage|p2a: Dragapult|298\/317|[from] Sandstorm","|-damage|p1a: Rotom|267\/303|[from] Sandstorm","|upkeep","|turn|3","|","|move|p2a: Dragapult|Draco Meteor|p1a: Rotom|[miss]","|-miss|p2a: Dragapult|p1a: Rotom","|move|p1a: Rotom|Trick|p2a: Dragapult","|-activate|p1a: Rotom|move: Trick|[of] p2a: Dragapult","|-item|p2a: Dragapult|Smooth Rock|[from] move: Trick","|-item|p1a: Rotom|Choice Specs|[from] move: Trick","|","|-weather|Sandstorm|[upkeep]","|-damage|p2a: Dragapult|279\/317|[from] Sandstorm","|-damage|p1a: Rotom|249\/303|[from] Sandstorm","|upkeep","|turn|4","|","|move|p2a: Dragapult|Draco Meteor|p1a: Rotom","|-damage|p1a: Rotom|59\/303","|-unboost|p2a: Dragapult|spa|2","|move|p1a: Rotom|Volt Switch|p2a: Dragapult","|-resisted|p2a: Dragapult","|-damage|p2a: Dragapult|198\/317","|","|switch|p1a: Darmanitan|Darmanitan-Galar, F|351\/351","|-damage|p1a: Darmanitan|264\/351|[from] Stealth Rock","|","|-weather|Sandstorm|[upkeep]","|-damage|p1a: Darmanitan|243\/351|[from] Sandstorm","|-damage|p2a: Dragapult|179\/317|[from] Sandstorm","|upkeep","|turn|5","|","|switch|p2a: Mantine|Mantine, M|374\/374","|move|p1a: Darmanitan|Earthquake|p2a: Mantine","|-immune|p2a: Mantine","|","|-weather|Sandstorm|[upkeep]","|-damage|p1a: Darmanitan|222\/351|[from] Sandstorm","|-damage|p2a: Mantine|351\/374|[from] Sandstorm","|-heal|p2a: Mantine|374\/374|[from] item: Leftovers","|upkeep","|turn|6","|","|switch|p1a: Rotom|Rotom-Wash|59\/303","|-damage|p1a: Rotom|22\/303|[from] Stealth Rock","|move|p2a: Mantine|Surf|p1a: Rotom","|-resisted|p1a: Rotom","|-damage|p1a: Rotom|0 fnt","|faint|p1a: Rotom","|","|-weather|Sandstorm|[upkeep]","|-damage|p2a: Mantine|351\/374|[from] Sandstorm","|-heal|p2a: Mantine|374\/374|[from] item: Leftovers","|upkeep","|","|switch|p1a: Excadrill|Excadrill, F|361\/361","|-damage|p1a: Excadrill|350\/361|[from] Stealth Rock","|-ability|p1a: Excadrill|Mold Breaker","|turn|7","|","|move|p1a: Excadrill|Rapid Spin|p2a: Mantine","|-damage|p2a: Mantine|320\/374","|-sideend26625|Stealth Rock|[from] move: Rapid Spin|[of] p1a: Excadrill","|-boost|p1a: Excadrill|spe|1","|move|p2a: Mantine|Surf|p1a: Excadrill","|-supereffective|p1a: Excadrill","|-damage|p1a: Excadrill|108\/361","|","|-weather|Sandstorm|[upkeep]","|-damage|p2a: Mantine|297\/374|[from] Sandstorm","|-heal|p1a: Excadrill|130\/361|[from] item: Leftovers","|-heal|p2a: Mantine|320\/374|[from] item: Leftovers","|upkeep","|turn|8","|","|move|p1a: Excadrill|Iron Head|p2a: Mantine","|-resisted|p2a: Mantine","|-damage|p2a: Mantine|249\/374","|move|p2a: Mantine|Surf|p1a: Excadrill","|-supereffective|p1a: Excadrill","|-damage|p1a: Excadrill|0 fnt","|faint|p1a: Excadrill","|","|-weather|none","|-heal|p2a: Mantine|272\/374|[from] item: Leftovers","|upkeep","|","|switch|p1a: Darmanitan|Darmanitan-Galar, F|222\/351","|turn|9","|","|switch|p2a: Tyranitar|Tyranitar, F|404\/404","|-weather|Sandstorm|[from] ability: Sand Stream|[of] p2a: Tyranitar","|move|p1a: Darmanitan|Icicle Crash|p2a: Tyranitar|[miss]","|-miss|p1a: Darmanitan|p2a: Tyranitar","|","|-weather|Sandstorm|[upkeep]","|-damage|p1a: Darmanitan|201\/351|[from] Sandstorm","|upkeep","|turn|10","|","|switch|p1a: Grimmsnarl|Grimmsnarl, M|354\/354","|move|p2a: Tyranitar|Thunder Wave|p1a: Grimmsnarl","|-status|p1a: Grimmsnarl|par","|","|-weather|Sandstorm|[upkeep]","|-damage|p1a: Grimmsnarl|332\/354 par|[from] Sandstorm","|upkeep","|turn|11","|","|switch|p2a: Excadrill|Excadrill, M|361\/361","|move|p1a: Grimmsnarl|Thunder Wave|p2a: Excadrill","|-immune|p2a: Excadrill","|","|-weather|Sandstorm|[upkeep]","|-damage|p1a: Grimmsnarl|310\/354 par|[from] Sandstorm","|upkeep","|turn|12","|","|cant|p1a: Grimmsnarl|par","|move|p2a: Excadrill|Swords Dance|p2a: Excadrill","|-boost|p2a: Excadrill|atk|2","|","|-weather|Sandstorm|[upkeep]","|-damage|p1a: Grimmsnarl|288\/354 par|[from] Sandstorm","|upkeep","|turn|13","|","|move|p1a: Grimmsnarl|Reflect|p1a: Grimmsnarl","|-sidestart26625|Reflect","|move|p2a: Excadrill|Iron Head|p1a: Grimmsnarl","|-supereffective|p1a: Grimmsnarl","|-damage|p1a: Grimmsnarl|0 fnt","|-damage|p2a: Excadrill|325\/361|[from] item: Life Orb","|faint|p1a: Grimmsnarl","|","|-weather|none","|upkeep","|","|switch|p1a: Polteageist|Polteageist|261\/261","|turn|14","|","|move|p2a: Excadrill|Earthquake|p1a: Polteageist","|-enditem|p1a: Polteageist|Focus Sash","|-damage|p1a: Polteageist|1\/261","|-ability|p1a: Polteageist|Weak Armor|boost","|-unboost|p1a: Polteageist|def|1","|-boost|p1a: Polteageist|spe|2","|-damage|p2a: Excadrill|289\/361|[from] item: Life Orb","|move|p1a: Polteageist|Shell Smash|p1a: Polteageist","|-unboost|p1a: Polteageist|def|1","|-unboost|p1a: Polteageist|spd|1","|-boost|p1a: Polteageist|atk|2","|-boost|p1a: Polteageist|spa|2","|-boost|p1a: Polteageist|spe|2","|","|upkeep","|turn|15","|","|switch|p2a: Mantine|Mantine, M|272\/374","|move|p1a: Polteageist|Giga Drain|p2a: Mantine","|-damage|p2a: Mantine|136\/374","|-heal|p1a: Polteageist|69\/261|[from] drain|[of] p2a: Mantine","|","|-heal|p2a: Mantine|159\/374|[from] item: Leftovers","|upkeep","|turn|16","|","|move|p1a: Polteageist|Shadow Ball|p2a: Mantine","|-damage|p2a: Mantine|0 fnt","|faint|p2a: Mantine","|","|upkeep","|","|switch|p2a: Mimikyu|Mimikyu, F|251\/251","|turn|17","|","|move|p2a: Mimikyu|Shadow Sneak|p1a: Polteageist","|-supereffective|p1a: Polteageist","|-damage|p1a: Polteageist|0 fnt","|-damage|p2a: Mimikyu|226\/251|[from] item: Life Orb","|faint|p1a: Polteageist","|","|upkeep","|","|switch|p1a: Darmanitan|Darmanitan-Galar, F|201\/351","|turn|18","|","|switch|p2a: Tyranitar|Tyranitar, F|404\/404","|-weather|Sandstorm|[from] ability: Sand Stream|[of] p2a: Tyranitar","|move|p1a: Darmanitan|Earthquake|p2a: Tyranitar","|-supereffective|p2a: Tyranitar","|-damage|p2a: Tyranitar|40\/404","|","|-weather|Sandstorm|[upkeep]","|-damage|p1a: Darmanitan|180\/351|[from] Sandstorm","|upkeep","|turn|19","|-message|26625 forfeited.","|","|win|10637","|l|\u260626625","|raw|26625's rating: 1234 &rarr; <strong>1210<\/strong><br \/>(-24 for losing)","|raw|10637's rating: 1249 &rarr; <strong>1273<\/strong><br \/>(+24 for winning)",""],"p1":"26625","p1rating":1234,"p1team":[{"ability":"moldbreaker","evs":{"atk":252,"def":4,"hp":0,"spa":0,"spd":0,"spe":252},"happiness":160,"item":"leftovers","ivs":{"atk":31,"def":31,"hp":31,"spa":31,"spd":31,"spe":31},"level":100,"moves":["swordsdance","earthquake","ironhead","rapidspin"],"name":"Excadrill","nature":"Jolly","species":"Excadrill"},{"ability":"weakarmor","evs":{"atk":0,"def":4,"hp":0,"spa":252,"spd":0,"spe":252},"gender":"N","happiness":160,"item":"focussash","ivs":{"atk":0,"def":31,"hp":31,"spa":31,"spd":31,"spe":31},"level":100,"moves":["shellsmash","shadowball","gigadrain","storedpower"],"name":"Polteageist","nature":"Timid","species":"Polteageist"},{"ability":"gorillatactics","evs":{"atk":252,"def":0,"hp":0,"spa":0,"spd":4,"spe":252},"happiness":160,"item":"choicescarf","ivs":{"atk":31,"def":31,"hp":31,"spa":31,"spd":31,"spe":31},"level":100,"moves":["iciclecrash","flareblitz","earthquake","uturn"],"name":"Darmanitan","nature":"Jolly","species":"darmanitangalar"},{"ability":"levitate","evs":{"atk":0,"def":4,"hp":0,"spa":252,"spd":0,"spe":252},"happiness":160,"item":"salacberry","ivs":{"atk":0,"def":31,"hp":31,"spa":31,"spd":31,"spe":31},"level":100,"moves":["nastyplot","flamethrower","darkpulse","flashcannon"],"name":"Hydreigon","nature":"Timid","species":"Hydreigon"},{"ability":"prankster","evs":{"atk":252,"def":0,"hp":92,"spa":0,"spd":0,"spe":164},"gender":"M","happiness":160,"item":"lightclay","ivs":{"atk":31,"def":31,"hp":31,"spa":31,"spd":31,"spe":31},"level":100,"moves":["thunderwave","reflect","lightscreen","powerwhip"],"name":"Grimmsnarl","nature":"Adamant","species":"Grimmsnarl"},{"ability":"levitate","evs":{"atk":0,"def":0,"hp":248,"spa":44,"spd":0,"spe":216},"gender":"N","happiness":160,"item":"choicescarf","ivs":{"atk":0,"def":31,"hp":31,"spa":31,"spd":31,"spe":31},"level":100,"moves":["voltswitch","hydropump","trick","willowisp"],"name":"Rotom","nature":"Timid","species":"rotomwash"}],"p2":"10637","p2rating":1249,"p2team":[{"ability":"sandstream","evs":{"atk":44,"def":0,"hp":252,"spa":0,"spd":212,"spe":0},"happiness":160,"item":"smoothrock","ivs":{"atk":31,"def":31,"hp":31,"spa":31,"spd":31,"spe":31},"level":100,"moves":["stealthrock","stoneedge","earthquake","thunderwave"],"name":"Tyranitar","nature":"Adamant","species":"Tyranitar"},{"ability":"infiltrator","evs":{"atk":0,"def":0,"hp":0,"spa":252,"spd":4,"spe":252},"happiness":160,"item":"choicespecs","ivs":{"atk":31,"def":31,"hp":31,"spa":31,"spd":31,"spe":31},"level":100,"moves":["fireblast","dracometeor","uturn","shadowball"],"name":"Dragapult","nature":"Modest","shiny":true,"species":"Dragapult"},{"ability":"blaze","evs":{"atk":252,"def":0,"hp":4,"spa":0,"spd":0,"spe":252},"happiness":160,"item":"choicescarf","ivs":{"atk":31,"def":31,"hp":31,"spa":31,"spd":31,"spe":31},"level":100,"moves":["highjumpkick","pyroball","courtchange","uturn"],"name":"Cinderace","nature":"Adamant","species":"Cinderace"},{"ability":"disguise","evs":{"atk":252,"def":0,"hp":0,"spa":0,"spd":4,"spe":252},"happiness":160,"item":"lifeorb","ivs":{"atk":31,"def":31,"hp":31,"spa":31,"spd":31,"spe":31},"level":100,"moves":["swordsdance","shadowsneak","drainpunch","playrough"],"name":"Mimikyu","nature":"Adamant","species":"Mimikyu"},{"ability":"sandrush","evs":{"atk":252,"def":0,"hp":0,"spa":0,"spd":4,"spe":252},"happiness":160,"item":"lifeorb","ivs":{"atk":31,"def":31,"hp":31,"spa":31,"spd":31,"spe":31},"level":100,"moves":["earthquake","ironhead","rapidspin","swordsdance"],"name":"Excadrill","nature":"Adamant","species":"Excadrill"},{"ability":"waterabsorb","evs":{"atk":0,"def":252,"hp":252,"spa":4,"spd":0,"spe":0},"happiness":160,"item":"leftovers","ivs":{"atk":0,"def":31,"hp":31,"spa":31,"spd":31,"spe":31},"level":100,"moves":["airslash","surf","icebeam","roost"],"name":"Mantine","nature":"Bold","species":"Mantine"}],"roomid":1023252,"score":[2,5],"seed":[34341,13574,51388,11851],"timestamp":"Sat Dec 28 2019 12:XX","turns":19,"winner":"10637","rated_battle":true,"average_rating":1241}