{"endType":"normal","format":"gen8ou","inputLog":[">version aa9f8c6b9cf4eca780a1296832ecd3b0009641e0",">version-origin 5e8529faaa5905c5f8e15eafaaefa806ee8c7d06",">start {\"formatid\":\"gen8ou\",\"seed\":[42881,61006,42731,24330],\"rated\":\"Rated battle\"}",">player p1 {\"\"name\":\"88135\",\"rating\":1266}",">player p2 {\"\"name\":\"24958\",\"rating\":1311}",">p1 team 2, 1, 3, 4, 5, 6",">p2 team 6, 2, 3, 4, 5, 1",">p1 move stealthrock",">p2 move fakeout",">p1 move stealthrock",">p2 move bulkup",">p1 switch 5",">p2 move bulkup",">p1 move acidarmor",">p2 switch 2",">p1 switch 3",">p2 move knockoff",">p1 move leechseed",">p2 switch 4",">p1 switch 3",">p2 move mysticalfire",">p1 switch 4",">p2 move dazzlinggleam",">p1 move hydropump",">p2 switch 3",">p1 switch 3",">p2 move stealthrock",">p1 move powerwhip",">p2 switch 2",">p1 switch 4",">p2 move rapidspin",">p1 move shadowball",">p2 switch 5",">p1 move calmmind",">p2 move wish",">p1 move calmmind",">p2 switch 4",">p1 move shadowball",">p2 move aquajet",">p1 switch 6",">p1 move uturn",">p2 switch 5",">p1 switch 2",">p1 move earthquake",">p2 move fakeout",">p1 move earthquake",">p2 move rapidspin",">p2 switch 5",">p1 move earthquake",">p2 move swordsdance",">p1 switch 4",">p2 move aquajet",">p2 switch 6",">p1 move knockoff",">p2 move overheat",">p1 switch 3",">p1 switch 4",">p2 switch 2",">p1 move rapidspin",">p2 move earthpower",">p1 switch 2",">p1 move iciclecrash",">p2 move earthpower",">p1 move iciclecrash",">p2 move earthpower",">p2 switch 4",">p1 switch 4",">p2 move charm",">p1 move electroweb",">p2 move wish",">p1 move hydropump",">p2 switch 2",">p2 switch 3",">p1 move voltswitch",">p2 move psychic",">p1 switch 5",">p1 move earthquake",">p2 move gigadrain",">p2 switch 2",">p1 move earthquake",">p2 move wish"],"log":["|j|\u260688135","|j|\u260624958","|player|p1|88135|1|1266","|player|p2|24958|sabrina|1311","|teamsize|p1|6","|teamsize|p2|6","|gametype|singles","|gen|8","|tier|[Gen 8] OU","|rated|","|rule|Sleep Clause Mod: Limit one foe put to sleep","|rule|Species Clause: Limit one of each Pok\u00e9mon","|rule|OHKO Clause: OHKO moves are banned","|rule|Evasion Moves Clause: Evasion moves are banned","|rule|Endless Battle Clause: Forcing endless battles is banned","|rule|HP Percentage Mod: HP is shown in percentages","|clearpoke","|poke|p1|Excadrill, M|","|poke|p1|Hippowdon, F|","|poke|p1|Ferrothorn, M|","|poke|p1|Rotom-Wash|","|poke|p1|Chandelure, M|","|poke|p1|Darmanitan-Galar, F|","|poke|p2|Rotom-Heat|","|poke|p2|Crawdaunt, F|","|poke|p2|Seismitoad, M|","|poke|p2|Hatterene, F|","|poke|p2|Vaporeon, F|","|poke|p2|Hitmontop, M|","|rule|Dynamax Clause: You cannot dynamax","|teampreview","|","|start","|switch|p1a: Hippowdon|Hippowdon, F|420\/420","|switch|p2a: Hitmontop|Hitmontop, M|303\/303","|-ability|p2a: Hitmontop|Intimidate|boost","|-unboost|p1a: Hippowdon|atk|1","|-weather|Sandstorm|[from] ability: Sand Stream|[of] p1a: Hippowdon","|turn|1","|","|move|p2a: Hitmontop|Fake Out|p1a: Hippowdon","|-damage|p1a: Hippowdon|392\/420","|cant|p1a: Hippowdon|flinch","|","|-weather|Sandstorm|[upkeep]","|-damage|p2a: Hitmontop|285\/303|[from] Sandstorm","|-heal|p2a: Hitmontop|303\/303|[from] item: Leftovers","|upkeep","|turn|2","|","|move|p2a: Hitmontop|Bulk Up|p2a: Hitmontop","|-boost|p2a: Hitmontop|atk|1","|-boost|p2a: Hitmontop|def|1","|move|p1a: Hippowdon|Stealth Rock|p2a: Hitmontop","|-sidestart24958|move: Stealth Rock","|","|-weather|Sandstorm|[upkeep]","|-damage|p2a: Hitmontop|285\/303|[from] Sandstorm","|-heal|p2a: Hitmontop|303\/303|[from] item: Leftovers","|upkeep","|turn|3","|","|switch|p1a: Chandelure|Chandelure, M|261\/261","|move|p2a: Hitmontop|Bulk Up|p2a: Hitmontop","|-boost|p2a: Hitmontop|atk|1","|-boost|p2a: Hitmontop|def|1","|","|-weather|Sandstorm|[upkeep]","|-damage|p1a: Chandelure|245\/261|[from] Sandstorm","|-damage|p2a: Hitmontop|285\/303|[from] Sandstorm","|-heal|p1a: Chandelure|261\/261|[from] item: Leftovers","|-heal|p2a: Hitmontop|303\/303|[from] item: Leftovers","|upkeep","|turn|4","|","|switch|p2a: Crawdaunt|Crawdaunt, F|330\/330","|-damage|p2a: Crawdaunt|289\/330|[from] Stealth Rock","|move|p1a: Chandelure|Acid Armor|p1a: Chandelure","|-boost|p1a: Chandelure|def|2","|","|-weather|Sandstorm|[upkeep]","|-damage|p1a: Chandelure|245\/261|[from] Sandstorm","|-damage|p2a: Crawdaunt|269\/330|[from] Sandstorm","|-heal|p1a: Chandelure|261\/261|[from] item: Leftovers","|upkeep","|turn|5","|","|switch|p1a: Ferrothorn|Ferrothorn, M|352\/352","|move|p2a: Crawdaunt|Knock Off|p1a: Ferrothorn","|-damage|p1a: Ferrothorn|170\/352","|-damage|p2a: Crawdaunt|228\/330|[from] ability: Iron Barbs|[of] p1a: Ferrothorn","|-enditem|p1a: Ferrothorn|Leftovers|[from] move: Knock Off|[of] p2a: Crawdaunt","|-damage|p2a: Crawdaunt|195\/330|[from] item: Life Orb","|","|-weather|Sandstorm|[upkeep]","|-damage|p2a: Crawdaunt|175\/330|[from] Sandstorm","|upkeep","|turn|6","|","|switch|p2a: Hatterene|Hatterene, F|318\/318","|-damage|p2a: Hatterene|279\/318|[from] Stealth Rock","|move|p1a: Ferrothorn|Leech Seed|p2a: Hatterene","|move|p2a: Hatterene|Leech Seed|p1a: Ferrothorn|[from]Magic Bounce","|-immune|p1a: Ferrothorn","|","|-weather|Sandstorm|[upkeep]","|-damage|p2a: Hatterene|260\/318|[from] Sandstorm","|upkeep","|turn|7","|","|switch|p1a: Chandelure|Chandelure, M|261\/261","|move|p2a: Hatterene|Mystical Fire|p1a: Chandelure","|-resisted|p1a: Chandelure","|-damage|p1a: Chandelure|203\/261","|-unboost|p1a: Chandelure|spa|1","|","|-weather|Sandstorm|[upkeep]","|-damage|p1a: Chandelure|187\/261|[from] Sandstorm","|-damage|p2a: Hatterene|241\/318|[from] Sandstorm","|-heal|p1a: Chandelure|203\/261|[from] item: Leftovers","|upkeep","|turn|8","|","|switch|p1a: Rotom|Rotom-Wash|304\/304","|move|p2a: Hatterene|Dazzling Gleam|p1a: Rotom","|-damage|p1a: Rotom|193\/304","|","|-weather|none","|upkeep","|turn|9","|","|switch|p2a: Seismitoad|Seismitoad, M|414\/414","|-damage|p2a: Seismitoad|389\/414|[from] Stealth Rock","|move|p1a: Rotom|Hydro Pump|p2a: Seismitoad","|-heal|p2a: Seismitoad|414\/414|[from] ability: Water Absorb|[of] p1a: Rotom","|","|upkeep","|turn|10","|","|switch|p1a: Ferrothorn|Ferrothorn, M|170\/352","|move|p2a: Seismitoad|Stealth Rock|p1a: Ferrothorn","|-sidestart88135|move: Stealth Rock","|","|upkeep","|turn|11","|","|switch|p2a: Hitmontop|Hitmontop, M|303\/303","|-damage|p2a: Hitmontop|285\/303|[from] Stealth Rock","|-ability|p2a: Hitmontop|Intimidate|boost","|-unboost|p1a: Ferrothorn|atk|1","|move|p1a: Ferrothorn|Power Whip|p2a: Hitmontop","|-damage|p2a: Hitmontop|197\/303","|","|-heal|p2a: Hitmontop|215\/303|[from] item: Leftovers","|upkeep","|turn|12","|","|switch|p1a: Chandelure|Chandelure, M|203\/261","|-damage|p1a: Chandelure|138\/261|[from] Stealth Rock","|move|p2a: Hitmontop|Rapid Spin|p1a: Chandelure","|-immune|p1a: Chandelure","|","|-heal|p1a: Chandelure|154\/261|[from] item: Leftovers","|-heal|p2a: Hitmontop|233\/303|[from] item: Leftovers","|upkeep","|turn|13","|","|switch|p2a: Vaporeon|Vaporeon, F|464\/464","|-damage|p2a: Vaporeon|406\/464|[from] Stealth Rock","|move|p1a: Chandelure|Shadow Ball|p2a: Vaporeon","|-damage|p2a: Vaporeon|237\/464","|","|-heal|p1a: Chandelure|170\/261|[from] item: Leftovers","|-heal|p2a: Vaporeon|266\/464|[from] item: Leftovers","|upkeep","|turn|14","|","|move|p1a: Chandelure|Calm Mind|p1a: Chandelure","|-boost|p1a: Chandelure|spa|1","|-boost|p1a: Chandelure|spd|1","|move|p2a: Vaporeon|Wish|p2a: Vaporeon","|","|-heal|p1a: Chandelure|186\/261|[from] item: Leftovers","|-heal|p2a: Vaporeon|295\/464|[from] item: Leftovers","|upkeep","|turn|15","|","|switch|p2a: Crawdaunt|Crawdaunt, F|175\/330","|-damage|p2a: Crawdaunt|134\/330|[from] Stealth Rock","|move|p1a: Chandelure|Calm Mind|p1a: Chandelure","|-boost|p1a: Chandelure|spa|1","|-boost|p1a: Chandelure|spd|1","|","|-heal|p2a: Crawdaunt|330\/330|[from] move: Wish|[wisher] Vaporeon","|-heal|p1a: Chandelure|202\/261|[from] item: Leftovers","|upkeep","|turn|16","|","|move|p2a: Crawdaunt|Aqua Jet|p1a: Chandelure","|-supereffective|p1a: Chandelure","|-damage|p1a: Chandelure|0 fnt","|-damage|p2a: Crawdaunt|297\/330|[from] item: Life Orb","|faint|p1a: Chandelure","|","|upkeep","|","|switch|p1a: Darmanitan|Darmanitan-Galar, F|351\/351","|-damage|p1a: Darmanitan|264\/351|[from] Stealth Rock","|turn|17","|","|switch|p2a: Hitmontop|Hitmontop, M|233\/303","|-damage|p2a: Hitmontop|215\/303|[from] Stealth Rock","|-ability|p2a: Hitmontop|Intimidate|boost","|-unboost|p1a: Darmanitan|atk|1","|move|p1a: Darmanitan|U-turn|p2a: Hitmontop","|-resisted|p2a: Hitmontop","|-damage|p2a: Hitmontop|148\/303","|","|switch|p1a: Excadrill|Excadrill, M|361\/361","|-damage|p1a: Excadrill|350\/361|[from] Stealth Rock","|","|-heal|p2a: Hitmontop|166\/303|[from] item: Leftovers","|upkeep","|turn|18","|","|move|p2a: Hitmontop|Fake Out|p1a: Excadrill","|-resisted|p1a: Excadrill","|-damage|p1a: Excadrill|319\/361","|cant|p1a: Excadrill|flinch","|","|-heal|p2a: Hitmontop|184\/303|[from] item: Leftovers","|upkeep","|turn|19","|","|move|p1a: Excadrill|Earthquake|p2a: Hitmontop","|-damage|p2a: Hitmontop|0 fnt","|-damage|p1a: Excadrill|283\/361|[from] item: Life Orb","|faint|p2a: Hitmontop","|","|upkeep","|","|switch|p2a: Crawdaunt|Crawdaunt, F|297\/330","|-damage|p2a: Crawdaunt|256\/330|[from] Stealth Rock","|turn|20","|","|move|p1a: Excadrill|Earthquake|p2a: Crawdaunt","|-damage|p2a: Crawdaunt|3\/330","|-damage|p1a: Excadrill|247\/361|[from] item: Life Orb","|move|p2a: Crawdaunt|Swords Dance|p2a: Crawdaunt","|-boost|p2a: Crawdaunt|atk|2","|","|upkeep","|turn|21","|","|switch|p1a: Ferrothorn|Ferrothorn, M|170\/352","|-damage|p1a: Ferrothorn|148\/352|[from] Stealth Rock","|move|p2a: Crawdaunt|Aqua Jet|p1a: Ferrothorn","|-resisted|p1a: Ferrothorn","|-damage|p1a: Ferrothorn|73\/352","|-damage|p2a: Crawdaunt|0 fnt|[from] ability: Iron Barbs|[of] p1a: Ferrothorn","|faint|p2a: Crawdaunt","|","|upkeep","|","|switch|p2a: Rotom|Rotom-Heat|304\/304","|-damage|p2a: Rotom|228\/304|[from] Stealth Rock","|turn|22","|","|move|p2a: Rotom|Overheat|p1a: Ferrothorn","|-supereffective|p1a: Ferrothorn","|-damage|p1a: Ferrothorn|0 fnt","|-unboost|p2a: Rotom|spa|2","|faint|p1a: Ferrothorn","|","|upkeep","|","|switch|p1a: Rotom|Rotom-Wash|193\/304","|-damage|p1a: Rotom|155\/304|[from] Stealth Rock","|turn|23","|","|switch|p2a: Seismitoad|Seismitoad, M|414\/414","|-damage|p2a: Seismitoad|389\/414|[from] Stealth Rock","|switch|p1a: Excadrill|Excadrill, M|247\/361","|-damage|p1a: Excadrill|236\/361|[from] Stealth Rock","|","|-heal|p2a: Seismitoad|414\/414|[from] item: Leftovers","|upkeep","|turn|24","|","|move|p1a: Excadrill|Rapid Spin|p2a: Seismitoad","|-damage|p2a: Seismitoad|343\/414","|-sideend88135|Stealth Rock|[from] move: Rapid Spin|[of] p1a: Excadrill","|-boost|p1a: Excadrill|spe|1","|-damage|p1a: Excadrill|200\/361|[from] item: Life Orb","|move|p2a: Seismitoad|Earth Power|p1a: Excadrill","|-supereffective|p1a: Excadrill","|-damage|p1a: Excadrill|0 fnt","|faint|p1a: Excadrill","|","|-heal|p2a: Seismitoad|368\/414|[from] item: Leftovers","|upkeep","|","|switch|p1a: Darmanitan|Darmanitan-Galar, F|264\/351","|turn|25","|","|move|p1a: Darmanitan|Icicle Crash|p2a: Seismitoad","|-damage|p2a: Seismitoad|44\/414","|move|p2a: Seismitoad|Earth Power|p1a: Darmanitan","|-damage|p1a: Darmanitan|125\/351","|","|-heal|p2a: Seismitoad|69\/414|[from] item: Leftovers","|upkeep","|turn|26","|","|move|p1a: Darmanitan|Icicle Crash|p2a: Seismitoad","|-damage|p2a: Seismitoad|0 fnt","|faint|p2a: Seismitoad","|","|upkeep","|","|switch|p2a: Vaporeon|Vaporeon, F|295\/464","|-damage|p2a: Vaporeon|237\/464|[from] Stealth Rock","|turn|27","|","|switch|p1a: Rotom|Rotom-Wash|155\/304","|move|p2a: Vaporeon|Charm|p1a: Rotom","|-unboost|p1a: Rotom|atk|2","|","|-heal|p2a: Vaporeon|266\/464|[from] item: Leftovers","|upkeep","|turn|28","|","|move|p1a: Rotom|Electroweb|p2a: Vaporeon","|-supereffective|p2a: Vaporeon","|-damage|p2a: Vaporeon|110\/464","|-unboost|p2a: Vaporeon|spe|1","|move|p2a: Vaporeon|Wish|p2a: Vaporeon","|","|-heal|p2a: Vaporeon|139\/464|[from] item: Leftovers","|upkeep","|turn|29","|","|switch|p2a: Rotom|Rotom-Heat|228\/304","|-damage|p2a: Rotom|152\/304|[from] Stealth Rock","|move|p1a: Rotom|Hydro Pump|p2a: Rotom","|-supereffective|p2a: Rotom","|-damage|p2a: Rotom|0 fnt","|faint|p2a: Rotom","|","|upkeep","|","|switch|p2a: Hatterene|Hatterene, F|241\/318","|-damage|p2a: Hatterene|202\/318|[from] Stealth Rock","|turn|30","|","|move|p1a: Rotom|Volt Switch|p2a: Hatterene","|-damage|p2a: Hatterene|144\/318","|","|switch|p1a: Hippowdon|Hippowdon, F|392\/420","|-weather|Sandstorm|[from] ability: Sand Stream|[of] p1a: Hippowdon","|move|p2a: Hatterene|Psychic|p1a: Hippowdon","|-damage|p1a: Hippowdon|143\/420","|","|-weather|Sandstorm|[upkeep]","|-damage|p2a: Hatterene|125\/318|[from] Sandstorm","|upkeep","|turn|31","|","|move|p1a: Hippowdon|Earthquake|p2a: Hatterene","|-damage|p2a: Hatterene|0 fnt","|faint|p2a: Hatterene","|","|-weather|Sandstorm|[upkeep]","|upkeep","|","|switch|p2a: Vaporeon|Vaporeon, F|139\/464","|-damage|p2a: Vaporeon|81\/464|[from] Stealth Rock","|turn|32","|","|move|p2a: Vaporeon|Wish|p2a: Vaporeon","|move|p1a: Hippowdon|Earthquake|p2a: Vaporeon","|-damage|p2a: Vaporeon|0 fnt","|faint|p2a: Vaporeon","|","|win|88135","|raw|88135's rating: 1266 &rarr; <strong>1295<\/strong><br \/>(+29 for winning)","|raw|24958's rating: 1311 &rarr; <strong>1289<\/strong><br \/>(-22 for losing)",""],"p1":"88135","p1rating":1266,"p1team":[{"ability":"sandrush","evs":{"atk":252,"def":0,"hp":0,"spa":0,"spd":4,"spe":252},"happiness":160,"item":"lifeorb","ivs":{"atk":31,"def":31,"hp":31,"spa":31,"spd":31,"spe":31},"level":100,"moves":["earthquake","ironhead","rockslide","rapidspin"],"name":"Excadrill","nature":"Jolly","species":"Excadrill"},{"ability":"sandstream","evs":{"atk":4,"def":252,"hp":252,"spa":0,"spd":0,"spe":0},"happiness":160,"item":"smoothrock","ivs":{"atk":31,"def":31,"hp":31,"spa":31,"spd":31,"spe":31},"level":100,"moves":["earthquake","slackoff","roar","stealthrock"],"name":"Hippowdon","nature":"Impish","species":"Hippowdon"},{"ability":"ironbarbs","evs":{"atk":0,"def":252,"hp":252,"spa":0,"spd":4,"spe":0},"happiness":160,"item":"leftovers","ivs":{"atk":31,"def":31,"hp":31,"spa":31,"spd":31,"spe":31},"level":100,"moves":["spikes","leechseed","powerwhip","knockoff"],"name":"Ferrothorn","nature":"Impish","species":"Ferrothorn"},{"ability":"levitate","evs":{"atk":0,"def":0,"hp":252,"spa":32,"spd":224,"spe":0},"gender":"N","happiness":160,"item":"sitrusberry","ivs":{"atk":0,"def":31,"hp":31,"spa":31,"spd":31,"spe":31},"level":100,"moves":["hydropump","voltswitch","willowisp","electroweb"],"name":"Rotom","nature":"Calm","species":"rotomwash"},{"ability":"infiltrator","evs":{"atk":0,"def":0,"hp":0,"spa":252,"spd":4,"spe":252},"happiness":160,"item":"leftovers","ivs":{"atk":0,"def":31,"hp":31,"spa":31,"spd":31,"spe":31},"level":100,"moves":["calmmind","shadowball","painsplit","acidarmor"],"name":"Chandelure","nature":"Timid","species":"Chandelure"},{"ability":"gorillatactics","evs":{"atk":252,"def":0,"hp":0,"spa":0,"spd":4,"spe":252},"happiness":160,"item":"choiceband","ivs":{"atk":31,"def":31,"hp":31,"spa":31,"spd":31,"spe":31},"level":100,"moves":["iciclecrash","uturn","earthquake","flareblitz"],"name":"Darmanitan","nature":"Jolly","species":"darmanitangalar"}],"p2":"24958","p2rating":1311,"p2team":[{"ability":"levitate","evs":{"atk":0,"def":0,"hp":252,"spa":252,"spd":0,"spe":0},"gender":"N","happiness":160,"item":"choicescarf","ivs":{"atk":0,"def":31,"hp":31,"spa":31,"spd":31,"spe":31},"level":100,"moves":["thunderbolt","overheat","trick","voltswitch"],"name":"Rotom","nature":"Modest","species":"rotomheat"},{"ability":"adaptability","evs":{"atk":252,"def":0,"hp":252,"spa":0,"spd":4,"spe":0},"happiness":160,"item":"lifeorb","ivs":{"atk":31,"def":31,"hp":31,"spa":31,"spd":31,"spe":31},"level":100,"moves":["knockoff","swordsdance","aquajet","crabhammer"],"name":"Crawdaunt","nature":"Adamant","species":"Crawdaunt"},{"ability":"waterabsorb","evs":{"atk":0,"def":252,"hp":252,"spa":4,"spd":0,"spe":0},"happiness":160,"item":"leftovers","ivs":{"atk":0,"def":31,"hp":31,"spa":31,"spd":31,"spe":31},"level":100,"moves":["earthpower","scald","stealthrock","toxic"],"name":"Seismitoad","nature":"Bold","species":"Seismitoad"},{"ability":"magicbounce","evs":{"atk":0,"def":0,"hp":252,"spa":252,"spd":4,"spe":0},"gender":"F","happiness":160,"item":"assaultvest","ivs":{"atk":0,"def":31,"hp":31,"spa":31,"spd":31,"spe":31},"level":100,"moves":["gigadrain","mysticalfire","dazzlinggleam","psychic"],"name":"Hatterene","nature":"Modest","species":"Hatterene"},{"ability":"waterabsorb","evs":{"atk":0,"def":252,"hp":252,"spa":0,"spd":4,"spe":0},"happiness":160,"item":"leftovers","ivs":{"atk":0,"def":31,"hp":31,"spa":31,"spd":31,"spe":31},"level":100,"moves":["wish","scald","shadowball","charm"],"name":"Vaporeon","nature":"Bold","species":"Vaporeon"},{"ability":"intimidate","evs":{"atk":252,"def":0,"hp":248,"spa":0,"spd":8,"spe":0},"gender":"M","happiness":160,"item":"leftovers","ivs":{"atk":31,"def":31,"hp":31,"spa":31,"spd":31,"spe":31},"level":100,"moves":["bulkup","fakeout","rapidspin","machpunch"],"name":"Hitmontop","nature":"Adamant","species":"Hitmontop"}],"roomid":1022556,"score":[3,0],"seed":[42881,61006,42731,24330],"timestamp":"Sat Dec 28 2019 09:XX","turns":32,"winner":"88135","rated_battle":true,"average_rating":1288}