{"endType":"forfeit","format":"gen8ou","inputLog":[">version aa9f8c6b9cf4eca780a1296832ecd3b0009641e0",">version-origin 5e8529faaa5905c5f8e15eafaaefa806ee8c7d06",">start {\"formatid\":\"gen8ou\",\"seed\":[2216,17219,27230,43268],\"rated\":\"Rated battle\"}",">player p1 {\"\"name\":\"126099\",\"rating\":1378}",">player p2 {\"\"name\":\"79186\",\"rating\":1346}",">p1 team 1, 2, 3, 4, 5, 6",">p2 team 3, 2, 1, 4, 5, 6",">p1 move stickyweb",">p2 move boomburst",">p1 move voltswitch",">p2 switch 6",">p1 move energyball",">p2 move stealthrock",">p2 switch 3",">p1 move voltswitch",">p2 move drainpunch",">p1 switch 6",">p1 move toxic",">p2 move substitute",">p1 switch 3",">p2 move earthquake",">p1 move dracometeor",">p2 move earthquake",">p2 switch 4",">p1 move fireblast",">p2 move defog",">p1 switch 4",">p2 move roost",">p1 move fishiousrend",">p2 switch 5",">p1 move fishiousrend",">p2 move willowisp"],"log":["|j|\u2606126099","|j|\u260679186","|player|p1|126099|hiker-gen4|1378","|player|p2|79186|youngcouple-gen4dp|1346","|teamsize|p1|6","|teamsize|p2|6","|gametype|singles","|gen|8","|tier|[Gen 8] OU","|rated|","|rule|Sleep Clause Mod: Limit one foe put to sleep","|rule|Species Clause: Limit one of each Pok\u00e9mon","|rule|OHKO Clause: OHKO moves are banned","|rule|Evasion Moves Clause: Evasion moves are banned","|rule|Endless Battle Clause: Forcing endless battles is banned","|rule|HP Percentage Mod: HP is shown in percentages","|clearpoke","|poke|p1|Vikavolt, F|","|poke|p1|Malamar, F|","|poke|p1|Dragapult, M|","|poke|p1|Dracovish|","|poke|p1|Clefable, F|","|poke|p1|Toxapex, M|","|poke|p2|Kommo-o, F|","|poke|p2|Tyranitar, M|","|poke|p2|Toxtricity-Low-Key, M|","|poke|p2|Corviknight, M|","|poke|p2|Rotom-Wash|","|poke|p2|Seismitoad, M|","|rule|Dynamax Clause: You cannot dynamax","|teampreview","|","|start","|switch|p1a: Vikavolt|Vikavolt, F|296\/296","|switch|p2a: Toxtricity|Toxtricity-Low-Key, M|292\/292","|turn|1","|","|move|p2a: Toxtricity|Boomburst|p1a: Vikavolt","|-damage|p1a: Vikavolt|14\/296","|move|p1a: Vikavolt|Sticky Web|p2a: Toxtricity","|-sidestart79186|move: Sticky Web","|","|upkeep","|turn|2","|","|switch|p2a: Seismitoad|Seismitoad, M|414\/414","|-activate|p2a: Seismitoad|move: Sticky Web","|-unboost|p2a: Seismitoad|spe|1","|move|p1a: Vikavolt|Volt Switch|p2a: Seismitoad","|-immune|p2a: Seismitoad","|","|upkeep","|turn|3","|","|move|p1a: Vikavolt|Energy Ball|p2a: Seismitoad","|-supereffective|p2a: Seismitoad","|-damage|p2a: Seismitoad|0 fnt","|faint|p2a: Seismitoad","|","|upkeep","|","|switch|p2a: Kommo-o|Kommo-o, F, shiny|339\/339","|-activate|p2a: Kommo-o|move: Sticky Web","|-unboost|p2a: Kommo-o|spe|1","|turn|4","|","|move|p1a: Vikavolt|Volt Switch|p2a: Kommo-o","|-resisted|p2a: Kommo-o","|-damage|p2a: Kommo-o|267\/339","|","|switch|p1a: Toxapex|Toxapex, M|304\/304","|move|p2a: Kommo-o|Drain Punch|p1a: Toxapex","|-resisted|p1a: Toxapex","|-damage|p1a: Toxapex|270\/304","|-heal|p2a: Kommo-o|284\/339|[from] drain|[of] p1a: Toxapex","|","|-heal|p2a: Kommo-o|305\/339|[from] item: Leftovers","|-heal|p1a: Toxapex|289\/304|[from] item: Black Sludge","|upkeep","|turn|5","|","|move|p2a: Kommo-o|Substitute|p2a: Kommo-o","|-start|p2a: Kommo-o|Substitute","|-damage|p2a: Kommo-o|221\/339","|move|p1a: Toxapex|Toxic||[still]","|-fail|p1a: Toxapex","|","|-heal|p2a: Kommo-o|242\/339|[from] item: Leftovers","|-heal|p1a: Toxapex|304\/304|[from] item: Black Sludge","|upkeep","|turn|6","|","|switch|p1a: Dragapult|Dragapult, M|317\/317","|move|p2a: Kommo-o|Earthquake|p1a: Dragapult","|-damage|p1a: Dragapult|178\/317","|","|-heal|p2a: Kommo-o|263\/339|[from] item: Leftovers","|upkeep","|turn|7","|","|move|p1a: Dragapult|Draco Meteor|p2a: Kommo-o","|-supereffective|p2a: Kommo-o","|-damage|p2a: Kommo-o|0 fnt","|-unboost|p1a: Dragapult|spa|2","|faint|p2a: Kommo-o","|","|upkeep","|","|switch|p2a: Corviknight|Corviknight, M|400\/400","|-ability|p2a: Corviknight|Pressure","|turn|8","|","|move|p1a: Dragapult|Fire Blast|p2a: Corviknight","|-supereffective|p2a: Corviknight","|-damage|p2a: Corviknight|287\/400","|-status|p2a: Corviknight|brn","|move|p2a: Corviknight|Defog|p1a: Dragapult","|-unboost|p1a: Dragapult|evasion|1","|-sideend79186|Sticky Web|[from] move: Defog|[of] p2a: Corviknight","|","|-heal|p2a: Corviknight|312\/400 brn|[from] item: Leftovers","|-damage|p2a: Corviknight|287\/400 brn|[from] brn","|upkeep","|turn|9","|","|switch|p1a: Dracovish|Dracovish|321\/321","|move|p2a: Corviknight|Roost|p2a: Corviknight","|-heal|p2a: Corviknight|400\/400 brn","|-singleturn|p2a: Corviknight|move: Roost","|","|-damage|p2a: Corviknight|375\/400 brn|[from] brn","|upkeep","|turn|10","|","|switch|p2a: Rotom|Rotom-Wash|304\/304","|move|p1a: Dracovish|Fishious Rend|p2a: Rotom","|-resisted|p2a: Rotom","|-damage|p2a: Rotom|109\/304","|","|-heal|p2a: Rotom|128\/304|[from] item: Leftovers","|upkeep","|turn|11","|","|move|p1a: Dracovish|Fishious Rend|p2a: Rotom","|-resisted|p2a: Rotom","|-damage|p2a: Rotom|0 fnt","|faint|p2a: Rotom","|","|upkeep","|-message|79186 forfeited.","|","|win|126099","|l|\u260679186","|l|\u2606126099","|raw|126099's rating: 1356 &rarr; <strong>1374<\/strong><br \/>(+18 for winning)","|raw|79186's rating: 1325 &rarr; <strong>1307<\/strong><br \/>(-18 for losing)",""],"p1":"126099","p1rating":1378,"p1team":[{"ability":"levitate","evs":{"atk":0,"def":0,"hp":4,"spa":252,"spd":0,"spe":252},"happiness":160,"item":"focussash","ivs":{"atk":0,"def":31,"hp":31,"spa":31,"spd":31,"spe":31},"level":100,"moves":["stickyweb","voltswitch","bugbuzz","energyball"],"name":"Vikavolt","nature":"Modest","species":"Vikavolt"},{"ability":"contrary","evs":{"atk":252,"def":0,"hp":76,"spa":0,"spd":0,"spe":180},"happiness":160,"item":"choicescarf","ivs":{"atk":31,"def":31,"hp":31,"spa":31,"spd":31,"spe":31},"level":100,"moves":["superpower","throatchop","hypnosis","switcheroo"],"name":"Malamar","nature":"Jolly","species":"Malamar"},{"ability":"infiltrator","evs":{"atk":0,"def":0,"hp":0,"spa":252,"spd":4,"spe":252},"happiness":160,"item":"expertbelt","ivs":{"atk":31,"def":31,"hp":31,"spa":31,"spd":31,"spe":31},"level":100,"moves":["dracometeor","shadowball","fireblast","thunderbolt"],"name":"Dragapult","nature":"Timid","species":"Dragapult"},{"ability":"strongjaw","evs":{"atk":252,"def":0,"hp":0,"spa":0,"spd":4,"spe":252},"gender":"N","happiness":160,"item":"choiceband","ivs":{"atk":31,"def":31,"hp":31,"spa":31,"spd":31,"spe":31},"level":100,"moves":["fishiousrend","psychicfangs","crunch","outrage"],"name":"Dracovish","nature":"Adamant","species":"Dracovish"},{"ability":"magicguard","evs":{"atk":0,"def":0,"hp":196,"spa":252,"spd":0,"spe":60},"happiness":160,"item":"lifeorb","ivs":{"atk":31,"def":31,"hp":31,"spa":31,"spd":31,"spe":31},"level":100,"moves":["moonblast","flamethrower","thunderbolt","moonlight"],"name":"Clefable","nature":"Modest","species":"Clefable"},{"ability":"regenerator","evs":{"atk":0,"def":252,"hp":252,"spa":0,"spd":4,"spe":0},"happiness":160,"item":"blacksludge","ivs":{"atk":31,"def":31,"hp":31,"spa":31,"spd":31,"spe":31},"level":100,"moves":["scald","recover","haze","toxic"],"name":"Toxapex","nature":"Bold","species":"Toxapex"}],"p2":"79186","p2rating":1346,"p2team":[{"ability":"soundproof","evs":{"atk":248,"def":0,"hp":192,"spa":0,"spd":0,"spe":68},"happiness":160,"item":"leftovers","ivs":{"atk":31,"def":31,"hp":31,"spa":31,"spd":31,"spe":31},"level":100,"moves":["drainpunch","earthquake","thunderpunch","substitute"],"name":"Kommo-o","nature":"Adamant","shiny":true,"species":"Kommo-o"},{"ability":"sandstream","evs":{"atk":248,"def":0,"hp":252,"spa":0,"spd":0,"spe":8},"happiness":160,"item":"assaultvest","ivs":{"atk":31,"def":31,"hp":31,"spa":31,"spd":31,"spe":31},"level":100,"moves":["crunch","stoneedge","earthquake","superpower"],"name":"Tyranitar","nature":"Adamant","shiny":true,"species":"Tyranitar"},{"ability":"punkrock","evs":{"atk":0,"def":0,"hp":4,"spa":252,"spd":0,"spe":252},"happiness":160,"item":"choicescarf","ivs":{"atk":0,"def":31,"hp":31,"spa":31,"spd":31,"spe":31},"level":100,"moves":["overdrive","boomburst","voltswitch","snarl"],"name":"Toxtricity","nature":"Modest","species":"toxtricitylowkey"},{"ability":"pressure","evs":{"atk":0,"def":108,"hp":252,"spa":0,"spd":148,"spe":0},"happiness":160,"item":"leftovers","ivs":{"atk":31,"def":31,"hp":31,"spa":31,"spd":31,"spe":31},"level":100,"moves":["defog","roost","uturn","bravebird"],"name":"Corviknight","nature":"Careful","species":"Corviknight"},{"ability":"levitate","evs":{"atk":0,"def":252,"hp":252,"spa":0,"spd":4,"spe":0},"gender":"N","happiness":160,"item":"leftovers","ivs":{"atk":0,"def":31,"hp":31,"spa":31,"spd":31,"spe":31},"level":100,"moves":["willowisp","hydropump","voltswitch","protect"],"name":"Rotom","nature":"Bold","species":"rotomwash"},{"ability":"waterabsorb","evs":{"atk":0,"def":252,"hp":252,"spa":0,"spd":4,"spe":0},"happiness":160,"item":"leftovers","ivs":{"atk":0,"def":31,"hp":31,"spa":31,"spd":31,"spe":31},"level":100,"moves":["stealthrock","scald","toxic","protect"],"name":"Seismitoad","nature":"Bold","species":"Seismitoad"}],"roomid":1023065,"score":[6,3],"seed":[2216,17219,27230,43268],"timestamp":"Sat Dec 28 2019 23:XX","turns":11,"winner":"126099","rated_battle":true,"average_rating":1362}