{"endType":"forfeit","format":"gen8ou","inputLog":[">version aa9f8c6b9cf4eca780a1296832ecd3b0009641e0",">version-origin 5e8529faaa5905c5f8e15eafaaefa806ee8c7d06",">start {\"formatid\":\"gen8ou\",\"seed\":[6754,39633,29520,7396],\"rated\":\"Rated battle\"}",">player p1 {\"\"name\":\"145842\",\"rating\":1621}",">player p2 {\"\"name\":\"26341\",\"rating\":1591}",">p1 team 2, 1, 3, 4, 5, 6",">p2 team 1, 2, 3, 4, 5, 6",">p1 move uturn",">p2 move superpower",">p1 switch 4",">p1 move stealthrock",">p2 move superpower",">p1 switch 4",">p1 move uturn",">p2 switch 2",">p1 switch 3",">p1 move uturn",">p2 move uturn",">p1 switch 5"],"log":["|j|\u2606145842","|j|\u260626341","|player|p1|145842|n|1621","|player|p2|26341|ryuki|1591","|teamsize|p1|6","|teamsize|p2|6","|gametype|singles","|gen|8","|tier|[Gen 8] OU","|rated|","|rule|Sleep Clause Mod: Limit one foe put to sleep","|rule|Species Clause: Limit one of each Pok\u00e9mon","|rule|OHKO Clause: OHKO moves are banned","|rule|Evasion Moves Clause: Evasion moves are banned","|rule|Endless Battle Clause: Forcing endless battles is banned","|rule|HP Percentage Mod: HP is shown in percentages","|clearpoke","|poke|p1|Bisharp, M|","|poke|p1|Darmanitan-Galar, F|","|poke|p1|Cinderace, M|","|poke|p1|Seismitoad, F|","|poke|p1|Crawdaunt, M|","|poke|p1|Corviknight, F|","|poke|p2|Darmanitan-Galar, F|","|poke|p2|Corviknight, M|","|poke|p2|Tyranitar, F|","|poke|p2|Cinderace, M|","|poke|p2|Rotom-Wash|","|poke|p2|Dugtrio, M|","|rule|Dynamax Clause: You cannot dynamax","|teampreview","|","|start","|switch|p1a: tarzan|Darmanitan-Galar, F|351\/351","|switch|p2a: Snow White|Darmanitan-Galar, F|351\/351","|turn|1","|","|move|p1a: tarzan|U-turn|p2a: Snow White","|-damage|p2a: Snow White|151\/351","|","|switch|p1a: ronaldo|Seismitoad, F|414\/414","|move|p2a: Snow White|Superpower|p1a: ronaldo","|-damage|p1a: ronaldo|152\/414","|-unboost|p2a: Snow White|atk|1","|-unboost|p2a: Snow White|def|1","|","|-heal|p1a: ronaldo|177\/414|[from] item: Leftovers","|upkeep","|turn|2","|j| Luigi595","|","|move|p2a: Snow White|Superpower|p1a: ronaldo","|-damage|p1a: ronaldo|0 fnt","|-unboost|p2a: Snow White|atk|1","|-unboost|p2a: Snow White|def|1","|faint|p1a: ronaldo","|","|upkeep","|","|switch|p1a: tarzan|Darmanitan-Galar, F|351\/351","|turn|3","|","|switch|p2a: King Arthur|Corviknight, M|400\/400","|move|p1a: tarzan|U-turn|p2a: King Arthur","|-resisted|p2a: King Arthur","|-damage|p2a: King Arthur|377\/400","|-damage|p1a: tarzan|293\/351|[from] item: Rocky Helmet|[of] p2a: King Arthur","|","|switch|p1a: secondpotopavard|Cinderace, M|301\/301","|","|upkeep","|turn|4","|l| Luigi595","|","|move|p1a: secondpotopavard|U-turn|p2a: King Arthur","|-resisted|p2a: King Arthur","|-damage|p2a: King Arthur|356\/400","|-damage|p1a: secondpotopavard|251\/301|[from] item: Rocky Helmet|[of] p2a: King Arthur","|l|\u260626341","|player|p2|","|j|\u260626341","|player|p2|26341|ryuki","|","|switch|p1a: prepare your ass|Crawdaunt, M|330\/330","|move|p2a: King Arthur|U-turn|p1a: prepare your ass","|-supereffective|p1a: prepare your ass","|-damage|p1a: prepare your ass|224\/330","|-message|26341 lost due to inactivity.","|","|win|145842","|raw|145842's rating: 1621 &rarr; <strong>1639<\/strong><br \/>(+18 for winning)","|raw|26341's rating: 1591 &rarr; <strong>1572<\/strong><br \/>(-19 for losing)",""],"p1":"145842","p1rating":1621,"p1team":[{"ability":"defiant","evs":{"atk":252,"def":0,"hp":252,"spa":0,"spd":4,"spe":0},"gender":"M","happiness":160,"item":"leftovers","ivs":{"atk":31,"def":31,"hp":31,"spa":31,"spd":31,"spe":31},"level":100,"moves":["swordsdance","throatchop","ironhead","suckerpunch"],"name":"no need knock of","nature":"Adamant","species":"bisharp"},{"ability":"gorillatactics","evs":{"atk":252,"def":0,"hp":0,"spa":0,"spd":4,"spe":252},"happiness":160,"item":"choicescarf","ivs":{"atk":31,"def":31,"hp":31,"spa":31,"spd":31,"spe":31},"level":100,"moves":["iciclecrash","flareblitz","earthquake","uturn"],"name":"tarzan","nature":"Jolly","species":"darmanitangalar"},{"ability":"blaze","evs":{"atk":252,"def":0,"hp":0,"spa":0,"spd":4,"spe":252},"happiness":160,"item":"choiceband","ivs":{"atk":31,"def":31,"hp":31,"spa":31,"spd":31,"spe":31},"level":100,"moves":["pyroball","uturn","highjumpkick","suckerpunch"],"name":"secondpotopavard","nature":"Jolly","species":"cinderace"},{"ability":"waterabsorb","evs":{"atk":4,"def":0,"hp":252,"spa":0,"spd":252,"spe":0},"happiness":160,"item":"leftovers","ivs":{"atk":31,"def":31,"hp":31,"spa":31,"spd":31,"spe":31},"level":100,"moves":["earthquake","liquidation","stealthrock","toxic"],"name":"ronaldo","nature":"Careful","species":"seismitoad"},{"ability":"adaptability","evs":{"atk":252,"def":0,"hp":252,"spa":0,"spd":4,"spe":0},"gender":"M","happiness":160,"item":"choiceband","ivs":{"atk":31,"def":31,"hp":31,"spa":31,"spd":31,"spe":31},"level":100,"moves":["aquajet","crabhammer","knockoff","closecombat"],"name":"prepare your ass","nature":"Adamant","species":"crawdaunt"},{"ability":"pressure","evs":{"atk":4,"def":252,"hp":252,"spa":0,"spd":0,"spe":0},"happiness":160,"item":"leftovers","ivs":{"atk":31,"def":31,"hp":31,"spa":31,"spd":31,"spe":31},"level":100,"moves":["roost","uturn","bravebird","defog"],"name":"lando 2.0","nature":"Impish","species":"corviknight"}],"p2":"26341","p2rating":1591,"p2team":[{"ability":"gorillatactics","evs":{"atk":252,"def":0,"hp":0,"spa":0,"spd":4,"spe":252},"gender":"F","happiness":160,"item":"choicescarf","ivs":{"atk":31,"def":31,"hp":31,"spa":31,"spd":31,"spe":31},"level":100,"moves":["uturn","iciclecrash","flareblitz","superpower"],"name":"Snow White","nature":"Jolly","species":"darmanitangalar"},{"ability":"mirrorarmor","evs":{"atk":4,"def":252,"hp":252,"spa":0,"spd":0,"spe":0},"gender":"M","happiness":160,"item":"rockyhelmet","ivs":{"atk":31,"def":31,"hp":31,"spa":31,"spd":31,"spe":31},"level":100,"moves":["uturn","defog","roost","bravebird"],"name":"King Arthur","nature":"Impish","species":"corviknight"},{"ability":"sandstream","evs":{"atk":252,"def":0,"hp":252,"spa":0,"spd":4,"spe":0},"happiness":160,"item":"assaultvest","ivs":{"atk":31,"def":31,"hp":31,"spa":31,"spd":31,"spe":31},"level":100,"moves":["firepunch","earthquake","stoneedge","heavyslam"],"name":"Tyranitar","nature":"Adamant","species":"Tyranitar"},{"ability":"blaze","evs":{"atk":252,"def":0,"hp":0,"spa":0,"spd":4,"spe":252},"gender":"M","happiness":160,"item":"heavydutyboots","ivs":{"atk":31,"def":31,"hp":31,"spa":31,"spd":31,"spe":31},"level":100,"moves":["pyroball","uturn","courtchange","highjumpkick"],"name":"Court Jester","nature":"Jolly","species":"cinderace"},{"ability":"levitate","evs":{"atk":0,"def":0,"hp":0,"spa":252,"spd":4,"spe":252},"gender":"N","happiness":160,"item":"choicespecs","ivs":{"atk":0,"def":31,"hp":31,"spa":31,"spd":31,"spe":31},"level":100,"moves":["trick","voltswitch","hydropump","thunderbolt"],"name":"Merlin","nature":"Timid","shiny":true,"species":"rotomwash"},{"ability":"arenatrap","evs":{"atk":252,"def":0,"hp":0,"spa":0,"spd":4,"spe":252},"gender":"M","happiness":160,"item":"focussash","ivs":{"atk":31,"def":31,"hp":31,"spa":31,"spd":31,"spe":31},"level":100,"moves":["earthquake","suckerpunch","stealthrock","stoneedge"],"name":"7 Dwarfs","nature":"Jolly","species":"dugtrio"}],"roomid":1020088,"score":[5,6],"seed":[6754,39633,29520,7396],"timestamp":"Sat Dec 28 2019 19:XX","turns":4,"winner":"145842","rated_battle":true,"average_rating":1606}