{"endType":"forfeit","format":"gen8ou","inputLog":[">version aa9f8c6b9cf4eca780a1296832ecd3b0009641e0",">version-origin 5e8529faaa5905c5f8e15eafaaefa806ee8c7d06",">start {\"formatid\":\"gen8ou\",\"seed\":[13565,7529,50585,6022],\"rated\":\"Rated battle\"}",">player p1 {\"\"name\":\"1987\",\"rating\":1293}",">player p2 {\"\"name\":\"75235\",\"rating\":1245}",">p1 team 5, 2, 3, 4, 1, 6",">p2 team 3, 2, 1, 4, 5, 6",">p1 move dracometeor",">p2 move stealthrock",">p2 switch 3",">p1 switch 2",">p2 move moonblast",">p1 move toxicspikes",">p2 move thunderbolt",">p1 switch 3",">p2 move flamethrower",">p1 move rapidspin",">p2 switch 4",">p1 switch 6",">p2 move defog",">p1 move stealthrock",">p2 switch 5",">p1 switch 5",">p2 move substitute",">p1 move spikes",">p2 move nastyplot",">p1 switch 6",">p2 move darkpulse",">p1 switch 2",">p1 move uturn",">p2 switch 4",">p1 switch 4",">p1 move iciclecrash",">p2 move flamethrower",">p2 switch 2",">p1 move iciclecrash",">p2 move willowisp",">p1 move iciclecrash",">p2 move strengthsap",">p2 switch 5",">p1 move iciclecrash",">p2 move defog",">p1 switch 6",">p2 move roost",">p1 move leechseed",">p2 switch 6",">p1 switch 5",">p2 move flareblitz",">p1 move willowisp",">p2 switch 4",">p1 move hex",">p2 move substitute",">p1 move hex",">p2 move nastyplot",">p1 move hex",">p2 move substitute",">p1 move hex",">p2 move darkpulse",">p1 switch 4",">p1 move fireblast",">p2 move darkpulse",">p1 switch 5",">p1 move knockoff",">p2 move darkpulse",">p1 move protect",">p2 move darkpulse",">p1 switch 3",">p2 move darkpulse",">p1 switch 3",">p2 move darkpulse",">p1 switch 3",">p1 move scald",">p2 move darkpulse"],"log":["|j|\u26061987","|j|\u260675235","|player|p1|1987|2|1293","|player|p2|75235|170|1245","|teamsize|p1|6","|teamsize|p2|6","|gametype|singles","|gen|8","|tier|[Gen 8] OU","|rated|","|rule|Sleep Clause Mod: Limit one foe put to sleep","|rule|Species Clause: Limit one of each Pok\u00e9mon","|rule|OHKO Clause: OHKO moves are banned","|rule|Evasion Moves Clause: Evasion moves are banned","|rule|Endless Battle Clause: Forcing endless battles is banned","|rule|HP Percentage Mod: HP is shown in percentages","|clearpoke","|poke|p1|Ferrothorn, F|","|poke|p1|Toxapex, F|","|poke|p1|Excadrill, F|","|poke|p1|Darmanitan-Galar, F|","|poke|p1|Dragapult, F|","|poke|p1|Corsola-Galar, M|","|poke|p2|Clefable, M|","|poke|p2|Corsola-Galar, M|","|poke|p2|Seismitoad, M|","|poke|p2|Corviknight, F|","|poke|p2|Hydreigon, M|","|poke|p2|Darmanitan-Galar, F|","|rule|Dynamax Clause: You cannot dynamax","|teampreview","|","|start","|switch|p1a: Dragapult|Dragapult, F|317\/317","|switch|p2a: Seismitoad|Seismitoad, M|414\/414","|turn|1","|","|move|p1a: Dragapult|Draco Meteor|p2a: Seismitoad","|-crit|p2a: Seismitoad","|-damage|p2a: Seismitoad|0 fnt","|-unboost|p1a: Dragapult|spa|2","|faint|p2a: Seismitoad","|","|upkeep","|","|switch|p2a: Clefable|Clefable, M|380\/380","|turn|2","|","|switch|p1a: Toxapex|Toxapex, F|304\/304","|move|p2a: Clefable|Moonblast|p1a: Toxapex","|-resisted|p1a: Toxapex","|-damage|p1a: Toxapex|253\/304","|-unboost|p1a: Toxapex|spa|1","|","|-heal|p1a: Toxapex|272\/304|[from] item: Black Sludge","|upkeep","|turn|3","|","|move|p2a: Clefable|Thunderbolt|p1a: Toxapex","|-supereffective|p1a: Toxapex","|-damage|p1a: Toxapex|139\/304","|move|p1a: Toxapex|Toxic Spikes|p2a: Clefable","|-sidestart75235|move: Toxic Spikes","|","|-heal|p1a: Toxapex|158\/304|[from] item: Black Sludge","|upkeep","|turn|4","|","|switch|p1a: Excadrill|Excadrill, F|361\/361","|-ability|p1a: Excadrill|Mold Breaker","|move|p2a: Clefable|Flamethrower|p1a: Excadrill","|-supereffective|p1a: Excadrill","|-damage|p1a: Excadrill|39\/361","|","|upkeep","|turn|5","|","|switch|p2a: Corviknight|Corviknight, F|400\/400","|-ability|p2a: Corviknight|Pressure","|move|p1a: Excadrill|Rapid Spin|p2a: Corviknight","|-resisted|p2a: Corviknight","|-damage|p2a: Corviknight|376\/400","|-boost|p1a: Excadrill|spe|1","|","|-heal|p2a: Corviknight|400\/400|[from] item: Leftovers","|upkeep","|turn|6","|","|switch|p1a: Corsola|Corsola-Galar, M|324\/324","|move|p2a: Corviknight|Defog|p1a: Corsola","|-unboost|p1a: Corsola|evasion|1","|-sideend75235|Toxic Spikes|[from] move: Defog|[of] p2a: Corviknight","|","|upkeep","|turn|7","|","|switch|p2a: Hydreigon|Hydreigon, M|325\/325","|move|p1a: Corsola|Stealth Rock|p2a: Hydreigon","|-sidestart75235|move: Stealth Rock","|","|upkeep","|turn|8","|","|switch|p1a: Ferrothorn|Ferrothorn, F|352\/352","|move|p2a: Hydreigon|Substitute|p2a: Hydreigon","|-start|p2a: Hydreigon|Substitute","|-damage|p2a: Hydreigon|244\/325","|","|-heal|p2a: Hydreigon|264\/325|[from] item: Leftovers","|upkeep","|turn|9","|","|move|p2a: Hydreigon|Nasty Plot|p2a: Hydreigon","|-boost|p2a: Hydreigon|spa|2","|move|p1a: Ferrothorn|Spikes|p2a: Hydreigon","|-sidestart75235|Spikes","|","|-heal|p2a: Hydreigon|284\/325|[from] item: Leftovers","|upkeep","|turn|10","|","|switch|p1a: Excadrill|Excadrill, F|39\/361","|-ability|p1a: Excadrill|Mold Breaker","|move|p2a: Hydreigon|Dark Pulse|p1a: Excadrill","|-damage|p1a: Excadrill|0 fnt","|faint|p1a: Excadrill","|","|-heal|p2a: Hydreigon|304\/325|[from] item: Leftovers","|upkeep","|","|switch|p1a: Dragapult|Dragapult, F|317\/317","|turn|11","|","|switch|p2a: Clefable|Clefable, M|380\/380","|move|p1a: Dragapult|U-turn|p2a: Clefable","|-resisted|p2a: Clefable","|-damage|p2a: Clefable|344\/380","|","|switch|p1a: Darmanitan|Darmanitan-Galar, F|351\/351","|","|upkeep","|turn|12","|","|move|p1a: Darmanitan|Icicle Crash|p2a: Clefable","|-damage|p2a: Clefable|0 fnt","|faint|p2a: Clefable","|","|upkeep","|","|switch|p2a: Corsola|Corsola-Galar, M|323\/323","|-damage|p2a: Corsola|283\/323|[from] Stealth Rock","|-damage|p2a: Corsola|243\/323|[from] Spikes","|turn|13","|","|move|p1a: Darmanitan|Icicle Crash|p2a: Corsola","|-damage|p2a: Corsola|66\/323","|move|p2a: Corsola|Will-O-Wisp|p1a: Darmanitan","|-status|p1a: Darmanitan|brn","|","|-damage|p1a: Darmanitan|330\/351 brn|[from] brn","|upkeep","|turn|14","|","|move|p1a: Darmanitan|Icicle Crash|p2a: Corsola","|-damage|p2a: Corsola|0 fnt","|faint|p2a: Corsola","|","|-damage|p1a: Darmanitan|309\/351 brn|[from] brn","|upkeep","|","|switch|p2a: Corviknight|Corviknight, F|400\/400","|-damage|p2a: Corviknight|350\/400|[from] Stealth Rock","|-ability|p2a: Corviknight|Pressure","|turn|15","|","|move|p1a: Darmanitan|Icicle Crash|p2a: Corviknight","|-damage|p2a: Corviknight|209\/400","|move|p2a: Corviknight|Defog|p1a: Darmanitan","|-unboost|p1a: Darmanitan|evasion|1","|-sideend75235|Spikes|[from] move: Defog|[of] p2a: Corviknight","|-sideend75235|Stealth Rock|[from] move: Defog|[of] p2a: Corviknight","|","|-heal|p2a: Corviknight|234\/400|[from] item: Leftovers","|-damage|p1a: Darmanitan|288\/351 brn|[from] brn","|upkeep","|turn|16","|","|switch|p1a: Ferrothorn|Ferrothorn, F|352\/352","|move|p2a: Corviknight|Roost|p2a: Corviknight","|-heal|p2a: Corviknight|400\/400","|-singleturn|p2a: Corviknight|move: Roost","|","|upkeep","|turn|17","|","|switch|p2a: Darmanitan|Darmanitan-Galar, F|351\/351","|move|p1a: Ferrothorn|Leech Seed|p2a: Darmanitan","|-start|p2a: Darmanitan|move: Leech Seed","|","|-damage|p2a: Darmanitan|308\/351|[from] Leech Seed|[of] p1a: Ferrothorn","|upkeep","|turn|18","|","|switch|p1a: Corsola|Corsola-Galar, M|324\/324","|move|p2a: Darmanitan|Flare Blitz|p1a: Corsola","|-damage|p1a: Corsola|186\/324","|-damage|p2a: Darmanitan|262\/351|[from] Recoil","|","|-damage|p2a: Darmanitan|219\/351|[from] Leech Seed|[of] p1a: Corsola","|-heal|p1a: Corsola|229\/324|[silent]","|upkeep","|turn|19","|","|switch|p2a: Hydreigon|Hydreigon, M|304\/325","|move|p1a: Corsola|Will-O-Wisp|p2a: Hydreigon","|-status|p2a: Hydreigon|brn","|","|-heal|p2a: Hydreigon|324\/325 brn|[from] item: Leftovers","|-damage|p2a: Hydreigon|304\/325 brn|[from] brn","|upkeep","|turn|20","|","|move|p2a: Hydreigon|Substitute|p2a: Hydreigon","|-start|p2a: Hydreigon|Substitute","|-damage|p2a: Hydreigon|223\/325 brn","|move|p1a: Corsola|Hex|p2a: Hydreigon","|-resisted|p2a: Hydreigon","|-activate|p2a: Hydreigon|move: Substitute|[damage]","|","|-heal|p2a: Hydreigon|243\/325 brn|[from] item: Leftovers","|-damage|p2a: Hydreigon|223\/325 brn|[from] brn","|upkeep","|turn|21","|","|move|p2a: Hydreigon|Nasty Plot|p2a: Hydreigon","|-boost|p2a: Hydreigon|spa|2","|move|p1a: Corsola|Hex|p2a: Hydreigon","|-resisted|p2a: Hydreigon","|-end|p2a: Hydreigon|Substitute","|","|-heal|p2a: Hydreigon|243\/325 brn|[from] item: Leftovers","|-damage|p2a: Hydreigon|223\/325 brn|[from] brn","|upkeep","|turn|22","|","|move|p2a: Hydreigon|Substitute|p2a: Hydreigon","|-start|p2a: Hydreigon|Substitute","|-damage|p2a: Hydreigon|142\/325 brn","|move|p1a: Corsola|Hex|p2a: Hydreigon","|-resisted|p2a: Hydreigon","|-activate|p2a: Hydreigon|move: Substitute|[damage]","|","|-heal|p2a: Hydreigon|162\/325 brn|[from] item: Leftovers","|-damage|p2a: Hydreigon|142\/325 brn|[from] brn","|upkeep","|turn|23","|","|move|p2a: Hydreigon|Dark Pulse|p1a: Corsola","|-supereffective|p1a: Corsola","|-damage|p1a: Corsola|0 fnt","|faint|p1a: Corsola","|","|-heal|p2a: Hydreigon|162\/325 brn|[from] item: Leftovers","|-damage|p2a: Hydreigon|142\/325 brn|[from] brn","|upkeep","|","|switch|p1a: Dragapult|Dragapult, F|317\/317","|turn|24","|","|move|p1a: Dragapult|Fire Blast|p2a: Hydreigon","|-resisted|p2a: Hydreigon","|-damage|p2a: Hydreigon|56\/325 brn","|move|p2a: Hydreigon|Dark Pulse|p1a: Dragapult","|-supereffective|p1a: Dragapult","|-damage|p1a: Dragapult|0 fnt","|faint|p1a: Dragapult","|","|-heal|p2a: Hydreigon|76\/325 brn|[from] item: Leftovers","|-damage|p2a: Hydreigon|56\/325 brn|[from] brn","|upkeep","|","|switch|p1a: Ferrothorn|Ferrothorn, F|352\/352","|turn|25","|","|move|p2a: Hydreigon|Dark Pulse|p1a: Ferrothorn","|-damage|p1a: Ferrothorn|114\/352","|move|p1a: Ferrothorn|Knock Off|p2a: Hydreigon","|-resisted|p2a: Hydreigon","|-end|p2a: Hydreigon|Substitute","|","|-heal|p2a: Hydreigon|76\/325 brn|[from] item: Leftovers","|-heal|p1a: Ferrothorn|136\/352|[from] item: Leftovers","|-damage|p2a: Hydreigon|56\/325 brn|[from] brn","|upkeep","|turn|26","|","|move|p1a: Ferrothorn|Protect|p1a: Ferrothorn","|-singleturn|p1a: Ferrothorn|Protect","|move|p2a: Hydreigon|Dark Pulse|p1a: Ferrothorn","|-activate|p1a: Ferrothorn|move: Protect","|","|-heal|p2a: Hydreigon|76\/325 brn|[from] item: Leftovers","|-heal|p1a: Ferrothorn|158\/352|[from] item: Leftovers","|-damage|p2a: Hydreigon|56\/325 brn|[from] brn","|upkeep","|turn|27","|","|switch|p1a: Toxapex|Toxapex, F|259\/304","|move|p2a: Hydreigon|Dark Pulse|p1a: Toxapex","|-damage|p1a: Toxapex|112\/304","|","|-heal|p2a: Hydreigon|76\/325 brn|[from] item: Leftovers","|-heal|p1a: Toxapex|131\/304|[from] item: Black Sludge","|-damage|p2a: Hydreigon|56\/325 brn|[from] brn","|upkeep","|turn|28","|","|switch|p1a: Ferrothorn|Ferrothorn, F|158\/352","|move|p2a: Hydreigon|Dark Pulse|p1a: Ferrothorn","|-damage|p1a: Ferrothorn|0 fnt","|faint|p1a: Ferrothorn","|","|-heal|p2a: Hydreigon|76\/325 brn|[from] item: Leftovers","|-damage|p2a: Hydreigon|56\/325 brn|[from] brn","|upkeep","|","|switch|p1a: Toxapex|Toxapex, F|232\/304","|turn|29","|","|move|p2a: Hydreigon|Dark Pulse|p1a: Toxapex","|-damage|p1a: Toxapex|79\/304","|cant|p1a: Toxapex|flinch","|","|-heal|p2a: Hydreigon|76\/325 brn|[from] item: Leftovers","|-heal|p1a: Toxapex|98\/304|[from] item: Black Sludge","|-damage|p2a: Hydreigon|56\/325 brn|[from] brn","|upkeep","|turn|30","|-message|1987 forfeited.","|","|win|75235","|l|\u26061987","|raw|1987's rating: 1293 &rarr; <strong>1264<\/strong><br \/>(-29 for losing)","|raw|75235's rating: 1245 &rarr; <strong>1274<\/strong><br \/>(+29 for winning)",""],"p1":"1987","p1rating":1293,"p1team":[{"ability":"ironbarbs","evs":{"atk":4,"def":252,"hp":252,"spa":0,"spd":0,"spe":0},"happiness":160,"item":"leftovers","ivs":{"atk":31,"def":31,"hp":31,"spa":31,"spd":31,"spe":31},"level":100,"moves":["spikes","leechseed","knockoff","protect"],"name":"Ferrothorn","nature":"Impish","species":"Ferrothorn"},{"ability":"regenerator","evs":{"atk":0,"def":4,"hp":252,"spa":0,"spd":252,"spe":0},"happiness":160,"item":"blacksludge","ivs":{"atk":0,"def":31,"hp":31,"spa":31,"spd":31,"spe":31},"level":100,"moves":["toxicspikes","scald","toxic","recover"],"name":"Toxapex","nature":"Calm","species":"Toxapex"},{"ability":"moldbreaker","evs":{"atk":252,"def":0,"hp":0,"spa":0,"spd":4,"spe":252},"happiness":160,"item":"focussash","ivs":{"atk":31,"def":31,"hp":31,"spa":31,"spd":31,"spe":31},"level":100,"moves":["rapidspin","swordsdance","earthquake","ironhead"],"name":"Excadrill","nature":"Jolly","species":"Excadrill"},{"ability":"gorillatactics","evs":{"atk":252,"def":0,"hp":0,"spa":0,"spd":4,"spe":252},"happiness":160,"item":"choiceband","ivs":{"atk":31,"def":31,"hp":31,"spa":31,"spd":31,"spe":31},"level":100,"moves":["iciclecrash","flareblitz","earthquake","uturn"],"name":"Darmanitan","nature":"Jolly","species":"darmanitangalar"},{"ability":"infiltrator","evs":{"atk":0,"def":0,"hp":0,"spa":252,"spd":4,"spe":252},"happiness":160,"item":"choicespecs","ivs":{"atk":31,"def":31,"hp":31,"spa":31,"spd":31,"spe":31},"level":100,"moves":["uturn","dracometeor","shadowball","fireblast"],"name":"Dragapult","nature":"Timid","species":"Dragapult"},{"ability":"cursedbody","evs":{"atk":0,"def":0,"hp":252,"spa":4,"spd":252,"spe":0},"happiness":160,"item":"eviolite","ivs":{"atk":0,"def":31,"hp":31,"spa":31,"spd":31,"spe":31},"level":100,"moves":["stealthrock","willowisp","strengthsap","hex"],"name":"Corsola","nature":"Calm","species":"corsolagalar"}],"p2":"75235","p2rating":1245,"p2team":[{"ability":"magicguard","evs":{"atk":0,"def":0,"hp":196,"spa":252,"spd":0,"spe":60},"happiness":160,"item":"lifeorb","ivs":{"atk":0,"def":31,"hp":31,"spa":31,"spd":31,"spe":31},"level":100,"moves":["moonblast","flamethrower","thunderbolt","moonlight"],"name":"Clefable","nature":"Modest","species":"Clefable"},{"ability":"cursedbody","evs":{"atk":0,"def":252,"hp":248,"spa":0,"spd":8,"spe":0},"happiness":160,"item":"eviolite","ivs":{"atk":0,"def":31,"hp":31,"spa":31,"spd":31,"spe":31},"level":100,"moves":["willowisp","strengthsap","nightshade","haze"],"name":"Corsola","nature":"Bold","species":"corsolagalar"},{"ability":"waterabsorb","evs":{"atk":0,"def":252,"hp":252,"spa":0,"spd":4,"spe":0},"happiness":160,"item":"leftovers","ivs":{"atk":31,"def":31,"hp":31,"spa":31,"spd":31,"spe":31},"level":100,"moves":["stealthrock","scald","earthquake","toxic"],"name":"Seismitoad","nature":"Relaxed","species":"Seismitoad"},{"ability":"pressure","evs":{"atk":0,"def":76,"hp":252,"spa":0,"spd":180,"spe":0},"happiness":160,"item":"leftovers","ivs":{"atk":31,"def":31,"hp":31,"spa":31,"spd":31,"spe":31},"level":100,"moves":["bravebird","roost","defog","uturn"],"name":"Corviknight","nature":"Impish","species":"Corviknight"},{"ability":"levitate","evs":{"atk":0,"def":4,"hp":0,"spa":252,"spd":0,"spe":252},"happiness":160,"item":"leftovers","ivs":{"atk":0,"def":31,"hp":31,"spa":31,"spd":31,"spe":31},"level":100,"moves":["nastyplot","substitute","darkpulse","flashcannon"],"name":"Hydreigon","nature":"Timid","species":"Hydreigon"},{"ability":"gorillatactics","evs":{"atk":252,"def":4,"hp":0,"spa":0,"spd":0,"spe":252},"happiness":160,"item":"choicescarf","ivs":{"atk":31,"def":31,"hp":31,"spa":31,"spd":31,"spe":31},"level":100,"moves":["uturn","iciclecrash","flareblitz","earthquake"],"name":"Darmanitan","nature":"Jolly","species":"darmanitangalar"}],"roomid":1019151,"score":[2,3],"seed":[13565,7529,50585,6022],"timestamp":"Sat Dec 28 2019 11:XX","turns":30,"winner":"75235","rated_battle":true,"average_rating":1269}