{"endType":"normal","format":"gen8ou","inputLog":[">version aa9f8c6b9cf4eca780a1296832ecd3b0009641e0",">version-origin 5e8529faaa5905c5f8e15eafaaefa806ee8c7d06",">start {\"formatid\":\"gen8ou\",\"seed\":[54639,29361,44528,32567],\"rated\":\"Rated battle\"}",">player p1 {\"\"name\":\"85377\",\"rating\":1348}",">player p2 {\"\"name\":\"145128\",\"rating\":1350}",">p1 team 4, 2, 3, 1, 5, 6",">p2 team 5, 2, 3, 4, 1, 6",">p1 move dragondarts",">p2 switch 5",">p2 switch 4",">p1 switch 6",">p2 move substitute",">p1 move thunderbolt",">p2 switch 5",">p1 switch 5",">p2 move earthquake",">p1 move earthquake",">p2 move earthquake",">p1 switch 2",">p1 move uturn",">p2 switch 2",">p1 switch 4",">p1 move knockoff",">p2 move uturn",">p2 switch 5",">p1 move facade",">p2 switch 5",">p1 move knockoff",">p2 move dracometeor",">p1 switch 3",">p1 switch 4",">p2 switch 2",">p1 move pyroball",">p2 move earthquake",">p2 switch 6",">p1 move uturn",">p2 move hex",">p1 switch 5",">p1 move thunderbolt",">p2 move willowisp",">p1 move thunderbolt",">p2 switch 2",">p1 move shadowball",">p2 move shadowball",">p1 move thunderbolt",">p2 move shadowball",">p2 switch 3",">p1 move hydropump",">p2 move uturn",">p2 switch 5",">p1 switch 5",">p1 move pyroball",">p2 move airslash",">p2 switch 2",">p1 move uturn",">p2 move recover",">p1 switch 4",">p1 move nuzzle",">p2 switch 5",">p1 move calmmind",">p2 move gunkshot",">p1 move drainingkiss",">p2 move gunkshot",">p1 move drainingkiss",">p2 move pyroball",">p1 switch 6",">p1 move dragondarts",">p2 move pyroball",">p2 switch 5",">p1 switch 4",">p2 move willowisp",">p1 move suckerpunch",">p2 move hex",">p1 move pyroball",">p2 move recover",">p1 move suckerpunch",">p2 move hex",">p1 move uturn",">p2 move recover",">p1 switch 4",">p1 move phantomforce",">p2 move willowisp",">p1 move phantomforce",">p2 move willowisp"],"log":["|j|\u260685377","|j|\u2606145128","|player|p1|85377|elesa|1348","|player|p2|145128|cheren-gen5bw2|1350","|teamsize|p1|6","|teamsize|p2|6","|gametype|singles","|gen|8","|tier|[Gen 8] OU","|rated|","|rule|Sleep Clause Mod: Limit one foe put to sleep","|rule|Species Clause: Limit one of each Pok\u00e9mon","|rule|OHKO Clause: OHKO moves are banned","|rule|Evasion Moves Clause: Evasion moves are banned","|rule|Endless Battle Clause: Forcing endless battles is banned","|rule|HP Percentage Mod: HP is shown in percentages","|clearpoke","|poke|p1|Obstagoon, F|","|poke|p1|Cinderace, M|","|poke|p1|Hatterene, F|","|poke|p1|Dragapult, M|","|poke|p1|Seismitoad, F|","|poke|p1|Rotom-Wash|","|poke|p2|Cinccino, F|","|poke|p2|Dragapult, F|","|poke|p2|Cinderace, M|","|poke|p2|Togekiss, M|","|poke|p2|Excadrill, F|","|poke|p2|Jellicent, M|","|rule|Dynamax Clause: You cannot dynamax","|teampreview","|","|start","|switch|p1a: Dragapult|Dragapult, M|317\/317","|switch|p2a: Excadrill|Excadrill, F|361\/361","|-ability|p2a: Excadrill|Mold Breaker","|turn|1","|","|switch|p2a: Cinccino|Cinccino, F|292\/292","|move|p1a: Dragapult|Dragon Darts|p2a: Cinccino","|-damage|p2a: Cinccino|105\/292","|-damage|p2a: Cinccino|0 fnt","|-hitcount|p2a: Cinccino|2","|faint|p2a: Cinccino","|","|upkeep","|","|switch|p2a: Togekiss|Togekiss, M|311\/311","|turn|2","|","|switch|p1a: Rotom|Rotom-Wash|304\/304","|move|p2a: Togekiss|Substitute|p2a: Togekiss","|-start|p2a: Togekiss|Substitute","|-damage|p2a: Togekiss|234\/311","|","|-heal|p2a: Togekiss|253\/311|[from] item: Leftovers","|upkeep","|turn|3","|","|switch|p2a: Excadrill|Excadrill, F|361\/361","|-ability|p2a: Excadrill|Mold Breaker","|move|p1a: Rotom|Thunderbolt|p2a: Excadrill","|-immune|p2a: Excadrill","|","|upkeep","|turn|4","|","|switch|p1a: Seismitoad|Seismitoad, F|414\/414","|move|p2a: Excadrill|Earthquake|p1a: Seismitoad","|-damage|p1a: Seismitoad|180\/414","|","|-heal|p1a: Seismitoad|205\/414|[from] item: Leftovers","|upkeep","|turn|5","|","|move|p2a: Excadrill|Earthquake|p1a: Seismitoad","|-damage|p1a: Seismitoad|0 fnt","|faint|p1a: Seismitoad","|","|upkeep","|","|switch|p1a: Cinderace|Cinderace, M|301\/301","|turn|6","|","|switch|p2a: Dragapult|Dragapult, F, shiny|318\/318","|move|p1a: Cinderace|U-turn|p2a: Dragapult","|-resisted|p2a: Dragapult","|-damage|p2a: Dragapult|269\/318","|","|switch|p1a: Obstagoon|Obstagoon, F|327\/327","|","|-status|p1a: Obstagoon|brn|[from] item: Flame Orb","|upkeep","|turn|7","|","|move|p2a: Dragapult|U-turn|p1a: Obstagoon","|-supereffective|p1a: Obstagoon","|-damage|p1a: Obstagoon|211\/327 brn","|","|switch|p2a: Togekiss|Togekiss, M|253\/311","|move|p1a: Obstagoon|Knock Off|p2a: Togekiss","|-resisted|p2a: Togekiss","|-damage|p2a: Togekiss|148\/311","|-enditem|p2a: Togekiss|Leftovers|[from] move: Knock Off|[of] p1a: Obstagoon","|","|-damage|p1a: Obstagoon|191\/327 brn|[from] brn","|upkeep","|turn|8","|","|switch|p2a: Dragapult|Dragapult, F, shiny|269\/318","|move|p1a: Obstagoon|Facade|p2a: Dragapult","|-immune|p2a: Dragapult","|","|-damage|p1a: Obstagoon|171\/327 brn|[from] brn","|upkeep","|turn|9","|","|move|p2a: Dragapult|Draco Meteor|p1a: Obstagoon","|-crit|p1a: Obstagoon","|-damage|p1a: Obstagoon|0 fnt","|-unboost|p2a: Dragapult|spa|2","|faint|p1a: Obstagoon","|","|upkeep","|","|switch|p1a: Hatterene|Hatterene, F|317\/317","|turn|10","|","|switch|p2a: Excadrill|Excadrill, F|361\/361","|-ability|p2a: Excadrill|Mold Breaker","|switch|p1a: Cinderace|Cinderace, M|301\/301","|","|upkeep","|turn|11","|","|move|p1a: Cinderace|Pyro Ball|p2a: Excadrill","|-supereffective|p2a: Excadrill","|-damage|p2a: Excadrill|0 fnt","|faint|p2a: Excadrill","|","|upkeep","|","|switch|p2a: Jellicent|Jellicent, M|404\/404","|turn|12","|","|move|p1a: Cinderace|U-turn|p2a: Jellicent","|-resisted|p2a: Jellicent","|-damage|p2a: Jellicent|370\/404","|","|switch|p1a: Rotom|Rotom-Wash|304\/304","|move|p2a: Jellicent|Hex|p1a: Rotom","|-damage|p1a: Rotom|259\/304","|","|-heal|p2a: Jellicent|395\/404|[from] item: Leftovers","|upkeep","|turn|13","|","|move|p1a: Rotom|Thunderbolt|p2a: Jellicent","|-supereffective|p2a: Jellicent","|-damage|p2a: Jellicent|173\/404","|move|p2a: Jellicent|Will-O-Wisp|p1a: Rotom","|-status|p1a: Rotom|brn","|","|-heal|p2a: Jellicent|198\/404|[from] item: Leftovers","|-damage|p1a: Rotom|240\/304 brn|[from] brn","|upkeep","|turn|14","|","|switch|p2a: Dragapult|Dragapult, F, shiny|269\/318","|move|p1a: Rotom|Thunderbolt|p2a: Dragapult","|-resisted|p2a: Dragapult","|-damage|p2a: Dragapult|196\/318","|","|-damage|p1a: Rotom|221\/304 brn|[from] brn","|upkeep","|turn|15","|","|move|p2a: Dragapult|Shadow Ball|p1a: Rotom","|-damage|p1a: Rotom|134\/304 brn","|move|p1a: Rotom|Shadow Ball|p2a: Dragapult","|-supereffective|p2a: Dragapult","|-damage|p2a: Dragapult|28\/318","|","|-damage|p1a: Rotom|115\/304 brn|[from] brn","|upkeep","|turn|16","|","|move|p2a: Dragapult|Shadow Ball|p1a: Rotom","|-damage|p1a: Rotom|39\/304 brn","|-unboost|p1a: Rotom|spd|1","|move|p1a: Rotom|Thunderbolt|p2a: Dragapult","|-resisted|p2a: Dragapult","|-damage|p2a: Dragapult|0 fnt","|faint|p2a: Dragapult","|","|-damage|p1a: Rotom|20\/304 brn|[from] brn","|upkeep","|","|switch|p2a: Cinderace|Cinderace, M|302\/302","|turn|17","|","|move|p2a: Cinderace|U-turn|p1a: Rotom","|-damage|p1a: Rotom|0 fnt","|faint|p1a: Rotom","|","|switch|p2a: Togekiss|Togekiss, M|148\/311","|","|upkeep","|","|switch|p1a: Cinderace|Cinderace, M|301\/301","|turn|18","|","|move|p1a: Cinderace|Pyro Ball|p2a: Togekiss","|-damage|p2a: Togekiss|0 fnt","|faint|p2a: Togekiss","|","|upkeep","|","|switch|p2a: Jellicent|Jellicent, M|198\/404","|turn|19","|","|move|p1a: Cinderace|U-turn|p2a: Jellicent","|-resisted|p2a: Jellicent","|-damage|p2a: Jellicent|164\/404","|","|switch|p1a: Hatterene|Hatterene, F|317\/317","|move|p2a: Jellicent|Recover|p2a: Jellicent","|-heal|p2a: Jellicent|366\/404","|","|-heal|p2a: Jellicent|391\/404|[from] item: Leftovers","|upkeep","|turn|20","|","|switch|p2a: Cinderace|Cinderace, M|302\/302","|move|p1a: Hatterene|Nuzzle|p2a: Cinderace","|-damage|p2a: Cinderace|286\/302","|-status|p2a: Cinderace|par","|","|upkeep","|turn|21","|","|cant|p2a: Cinderace|par","|move|p1a: Hatterene|Calm Mind|p1a: Hatterene","|-boost|p1a: Hatterene|spa|1","|-boost|p1a: Hatterene|spd|1","|","|upkeep","|turn|22","|","|move|p2a: Cinderace|Gunk Shot|p1a: Hatterene","|-supereffective|p1a: Hatterene","|-damage|p1a: Hatterene|119\/317","|-status|p1a: Hatterene|psn","|move|p1a: Hatterene|Draining Kiss|p2a: Cinderace","|-resisted|p2a: Cinderace","|-damage|p2a: Cinderace|218\/302 par","|-heal|p1a: Hatterene|170\/317 psn|[from] drain|[of] p2a: Cinderace","|","|-heal|p1a: Hatterene|189\/317 psn|[from] item: Leftovers","|-damage|p1a: Hatterene|150\/317 psn|[from] psn","|upkeep","|turn|23","|","|move|p2a: Cinderace|Pyro Ball|p1a: Hatterene","|-damage|p1a: Hatterene|0 fnt","|faint|p1a: Hatterene","|","|upkeep","|","|switch|p1a: Dragapult|Dragapult, M|317\/317","|turn|24","|","|move|p1a: Dragapult|Dragon Darts|p2a: Cinderace","|-damage|p2a: Cinderace|47\/302 par","|-damage|p2a: Cinderace|0 fnt","|-hitcount|p2a: Cinderace|2","|faint|p2a: Cinderace","|","|upkeep","|","|switch|p2a: Jellicent|Jellicent, M|391\/404","|turn|25","|","|switch|p1a: Cinderace|Cinderace, M|301\/301","|move|p2a: Jellicent|Will-O-Wisp|p1a: Cinderace","|-immune|p1a: Cinderace","|","|-heal|p2a: Jellicent|404\/404|[from] item: Leftovers","|upkeep","|turn|26","|","|move|p1a: Cinderace|Sucker Punch|p2a: Jellicent","|-supereffective|p2a: Jellicent","|-damage|p2a: Jellicent|272\/404","|move|p2a: Jellicent|Hex|p1a: Cinderace","|-damage|p1a: Cinderace|216\/301","|","|-heal|p2a: Jellicent|297\/404|[from] item: Leftovers","|upkeep","|turn|27","|","|move|p1a: Cinderace|Pyro Ball|p2a: Jellicent|[miss]","|-miss|p1a: Cinderace|p2a: Jellicent","|move|p2a: Jellicent|Recover|p2a: Jellicent","|-heal|p2a: Jellicent|404\/404","|","|upkeep","|turn|28","|","|move|p1a: Cinderace|Sucker Punch|p2a: Jellicent","|-supereffective|p2a: Jellicent","|-damage|p2a: Jellicent|266\/404","|move|p2a: Jellicent|Hex|p1a: Cinderace","|-damage|p1a: Cinderace|138\/301","|","|-heal|p2a: Jellicent|291\/404|[from] item: Leftovers","|upkeep","|turn|29","|","|move|p1a: Cinderace|U-turn|p2a: Jellicent","|-resisted|p2a: Jellicent","|-damage|p2a: Jellicent|257\/404","|","|switch|p1a: Dragapult|Dragapult, M|317\/317","|move|p2a: Jellicent|Recover|p2a: Jellicent","|-heal|p2a: Jellicent|404\/404","|","|upkeep","|turn|30","|","|move|p1a: Dragapult|Phantom Force||[still]","|-prepare|p1a: Dragapult|Phantom Force|p2a: Jellicent","|move|p2a: Jellicent|Will-O-Wisp|p1a: Dragapult|[miss]","|-miss|p2a: Jellicent|p1a: Dragapult","|","|upkeep","|turn|31","|","|move|p1a: Dragapult|Phantom Force|p2a: Jellicent|[from]lockedmove","|-supereffective|p2a: Jellicent","|-damage|p2a: Jellicent|0 fnt","|faint|p2a: Jellicent","|","|win|85377","|raw|85377's rating: 1348 &rarr; <strong>1368<\/strong><br \/>(+20 for winning)","|raw|145128's rating: 1350 &rarr; <strong>1330<\/strong><br \/>(-20 for losing)",""],"p1":"85377","p1rating":1348,"p1team":[{"ability":"guts","evs":{"atk":252,"def":4,"hp":0,"spa":0,"spd":0,"spe":252},"happiness":160,"item":"flameorb","ivs":{"atk":31,"def":31,"hp":31,"spa":31,"spd":31,"spe":31},"level":100,"moves":["facade","knockoff","closecombat","switcheroo"],"name":"Obstagoon","nature":"Jolly","species":"Obstagoon"},{"ability":"blaze","evs":{"atk":252,"def":4,"hp":0,"spa":0,"spd":0,"spe":252},"happiness":160,"item":"heavydutyboots","ivs":{"atk":31,"def":31,"hp":31,"spa":31,"spd":31,"spe":31},"level":100,"moves":["pyroball","suckerpunch","uturn","courtchange"],"name":"Cinderace","nature":"Jolly","species":"Cinderace"},{"ability":"magicbounce","evs":{"atk":0,"def":252,"hp":248,"spa":0,"spd":8,"spe":0},"gender":"F","happiness":160,"item":"leftovers","ivs":{"atk":31,"def":31,"hp":31,"spa":31,"spd":31,"spe":31},"level":100,"moves":["nuzzle","drainingkiss","mysticalfire","calmmind"],"name":"Hatterene","nature":"Bold","species":"Hatterene"},{"ability":"infiltrator","evs":{"atk":252,"def":4,"hp":0,"spa":0,"spd":0,"spe":252},"happiness":160,"item":"choiceband","ivs":{"atk":31,"def":31,"hp":31,"spa":31,"spd":31,"spe":31},"level":100,"moves":["dragondarts","phantomforce","suckerpunch","uturn"],"name":"Dragapult","nature":"Jolly","species":"Dragapult"},{"ability":"waterabsorb","evs":{"atk":252,"def":0,"hp":252,"spa":0,"spd":0,"spe":4},"happiness":160,"item":"leftovers","ivs":{"atk":31,"def":31,"hp":31,"spa":31,"spd":31,"spe":31},"level":100,"moves":["earthquake","icepunch","powerwhip","toxic"],"name":"Seismitoad","nature":"Adamant","species":"Seismitoad"},{"ability":"levitate","evs":{"atk":0,"def":252,"hp":252,"spa":0,"spd":4,"spe":0},"gender":"N","happiness":160,"item":"assaultvest","ivs":{"atk":0,"def":31,"hp":31,"spa":31,"spd":31,"spe":31},"level":100,"moves":["hydropump","thunderbolt","voltswitch","shadowball"],"name":"Rotom","nature":"Bold","species":"rotomwash"}],"p2":"145128","p2rating":1350,"p2team":[{"ability":"skilllink","evs":{"atk":252,"def":0,"hp":4,"spa":0,"spd":0,"spe":252},"happiness":160,"item":"choiceband","ivs":{"atk":31,"def":31,"hp":31,"spa":31,"spd":31,"spe":31},"level":100,"moves":["bulletseed","tailslap","rockblast","uturn"],"name":"Cinccino","nature":"Jolly","species":"Cinccino"},{"ability":"infiltrator","evs":{"atk":0,"def":0,"hp":4,"spa":252,"spd":0,"spe":252},"happiness":160,"item":"choicescarf","ivs":{"atk":31,"def":31,"hp":31,"spa":31,"spd":31,"spe":31},"level":100,"moves":["fireblast","uturn","shadowball","dracometeor"],"name":"Dragapult","nature":"Modest","shiny":true,"species":"Dragapult"},{"ability":"blaze","evs":{"atk":252,"def":0,"hp":4,"spa":0,"spd":0,"spe":252},"happiness":160,"item":"heavydutyboots","ivs":{"atk":31,"def":31,"hp":31,"spa":31,"spd":31,"spe":31},"level":100,"moves":["pyroball","courtchange","uturn","gunkshot"],"name":"Cinderace","nature":"Jolly","species":"Cinderace"},{"ability":"serenegrace","evs":{"atk":0,"def":0,"hp":0,"spa":252,"spd":4,"spe":252},"happiness":160,"item":"leftovers","ivs":{"atk":0,"def":31,"hp":31,"spa":31,"spd":31,"spe":31},"level":100,"moves":["substitute","nastyplot","airslash","dazzlinggleam"],"name":"Togekiss","nature":"Timid","species":"Togekiss"},{"ability":"moldbreaker","evs":{"atk":252,"def":4,"hp":0,"spa":0,"spd":0,"spe":252},"happiness":160,"item":"leftovers","ivs":{"atk":31,"def":31,"hp":31,"spa":31,"spd":31,"spe":31},"level":100,"moves":["earthquake","ironhead","stealthrock","rapidspin"],"name":"Excadrill","nature":"Jolly","species":"Excadrill"},{"ability":"waterabsorb","evs":{"atk":0,"def":252,"hp":252,"spa":4,"spd":0,"spe":0},"happiness":160,"item":"leftovers","ivs":{"atk":0,"def":31,"hp":31,"spa":31,"spd":31,"spe":31},"level":100,"moves":["willowisp","hex","recover","taunt"],"name":"Jellicent","nature":"Bold","species":"Jellicent"}],"roomid":1017254,"score":[2,0],"seed":[54639,29361,44528,32567],"timestamp":"Sat Dec 28 2019 10:XX","turns":31,"winner":"85377","rated_battle":true,"average_rating":1349}