{"endType":"forfeit","format":"gen8ou","inputLog":[">version aa9f8c6b9cf4eca780a1296832ecd3b0009641e0",">version-origin 5e8529faaa5905c5f8e15eafaaefa806ee8c7d06",">start {\"formatid\":\"gen8ou\",\"seed\":[30114,17379,60350,19826],\"rated\":\"Rated battle\"}",">player p1 {\"\"name\":\"1943\",\"rating\":1205}",">player p2 {\"\"name\":\"30907\",\"rating\":1271}",">p1 team 6, 2, 3, 4, 5, 1",">p2 team 4, 2, 3, 1, 5, 6",">p1 switch 3",">p2 move protect",">p1 move fireblast",">p2 move protect",">p1 switch 5",">p2 switch 5",">p1 move swordsdance",">p2 switch 4",">p1 move swordsdance",">p2 move haze",">p1 switch 4",">p2 move toxic",">p1 move leechseed",">p2 move scald",">p1 switch 6",">p2 switch 3",">p1 move moonblast",">p2 switch 5",">p1 move flamethrower",">p2 switch 4",">p1 move moonblast",">p2 move heavyslam",">p1 switch 4",">p2 switch 3",">p1 switch 6",">p2 move toxic",">p1 move leechseed",">p2 switch 5",">p1 move knockoff",">p2 move knockoff",">p1 move powerwhip",">p2 move roost",">p1 move knockoff",">p2 switch 4",">p1 switch 6",">p2 move leechseed",">p1 move swordsdance",">p2 switch 2",">p1 move closecombat",">p2 move taunt",">p1 switch 6",">p2 move taunt",">p1 move powerwhip",">p2 switch 2",">p1 switch 4",">p2 move heavyslam",">p1 move moonblast",">p2 switch 3",">p1 move moonlight",">p2 move heavyslam",">p1 switch 5",">p1 move shadowball",">p2 move crunch",">p2 switch 6",">p1 move shadowball",">p2 move shadowball",">p1 switch 3",">p1 move knockoff",">p2 switch 3"],"log":["|j|\u26061943","|j|\u260630907","|player|p1|1943|marlon|1205","|player|p2|30907|1|1271","|teamsize|p1|6","|teamsize|p2|6","|gametype|singles","|gen|8","|tier|[Gen 8] OU","|rated|","|rule|Sleep Clause Mod: Limit one foe put to sleep","|rule|Species Clause: Limit one of each Pok\u00e9mon","|rule|OHKO Clause: OHKO moves are banned","|rule|Evasion Moves Clause: Evasion moves are banned","|rule|Endless Battle Clause: Forcing endless battles is banned","|rule|HP Percentage Mod: HP is shown in percentages","|clearpoke","|poke|p1|Clefable, F|","|poke|p1|Corsola-Galar, M|","|poke|p1|Dragapult, F|","|poke|p1|Ferrothorn, M|","|poke|p1|Hawlucha, M|","|poke|p1|Mandibuzz, F|","|poke|p2|Toxapex, M|","|poke|p2|Pyukumuku, M|","|poke|p2|Mandibuzz, F|","|poke|p2|Ferrothorn, F|","|poke|p2|Tyranitar, F|","|poke|p2|Dragapult, M|","|rule|Dynamax Clause: You cannot dynamax","|teampreview","|","|start","|switch|p1a: Mandibuzz|Mandibuzz, F, shiny|424\/424","|switch|p2a: Ferrothorn|Ferrothorn, F|352\/352","|turn|1","|","|switch|p1a: Dragapult|Dragapult, F|317\/317","|move|p2a: Ferrothorn|Protect||[still]","|-fail|p2a: Ferrothorn","|","|upkeep","|turn|2","|","|move|p2a: Ferrothorn|Protect|p2a: Ferrothorn","|-singleturn|p2a: Ferrothorn|Protect","|move|p1a: Dragapult|Fire Blast|p2a: Ferrothorn","|-activate|p2a: Ferrothorn|move: Protect","|","|upkeep","|turn|3","|","|switch|p1a: Hawlucha|Hawlucha, M|297\/297","|switch|p2a: Tyranitar|Tyranitar, F|371\/371","|-weather|Sandstorm|[from] ability: Sand Stream|[of] p2a: Tyranitar","|","|-weather|Sandstorm|[upkeep]","|-damage|p1a: Hawlucha|279\/297|[from] Sandstorm","|upkeep","|turn|4","|","|switch|p2a: Toxapex|Toxapex, M|304\/304","|move|p1a: Hawlucha|Swords Dance|p1a: Hawlucha","|-boost|p1a: Hawlucha|atk|2","|","|-weather|Sandstorm|[upkeep]","|-damage|p1a: Hawlucha|261\/297|[from] Sandstorm","|-damage|p2a: Toxapex|285\/304|[from] Sandstorm","|-heal|p2a: Toxapex|304\/304|[from] item: Black Sludge","|upkeep","|turn|5","|","|move|p1a: Hawlucha|Swords Dance|p1a: Hawlucha","|-boost|p1a: Hawlucha|atk|2","|move|p2a: Toxapex|Haze|p2a: Toxapex","|-clearallboost","|","|-weather|Sandstorm|[upkeep]","|-damage|p1a: Hawlucha|243\/297|[from] Sandstorm","|-damage|p2a: Toxapex|285\/304|[from] Sandstorm","|-heal|p2a: Toxapex|304\/304|[from] item: Black Sludge","|upkeep","|turn|6","|","|switch|p1a: Ferrothorn|Ferrothorn, M, shiny|352\/352","|move|p2a: Toxapex|Toxic|p1a: Ferrothorn","|-immune|p1a: Ferrothorn","|","|-weather|Sandstorm|[upkeep]","|-damage|p2a: Toxapex|285\/304|[from] Sandstorm","|-heal|p2a: Toxapex|304\/304|[from] item: Black Sludge","|upkeep","|turn|7","|","|move|p2a: Toxapex|Scald|p1a: Ferrothorn","|-resisted|p1a: Ferrothorn","|-damage|p1a: Ferrothorn|326\/352","|-status|p1a: Ferrothorn|brn","|move|p1a: Ferrothorn|Leech Seed|p2a: Toxapex","|-start|p2a: Toxapex|move: Leech Seed","|","|-weather|none","|-heal|p1a: Ferrothorn|348\/352 brn|[from] item: Leftovers","|-damage|p2a: Toxapex|266\/304|[from] Leech Seed|[of] p1a: Ferrothorn","|-heal|p1a: Ferrothorn|352\/352 brn|[silent]","|-damage|p1a: Ferrothorn|330\/352 brn|[from] brn","|upkeep","|turn|8","|","|switch|p2a: Mandibuzz|Mandibuzz, F|423\/423","|switch|p1a: Clefable|Clefable, F, shiny|380\/380","|","|upkeep","|turn|9","|","|switch|p2a: Ferrothorn|Ferrothorn, F|352\/352","|move|p1a: Clefable|Moonblast|p2a: Ferrothorn","|-resisted|p2a: Ferrothorn","|-damage|p2a: Ferrothorn|286\/352","|","|-heal|p2a: Ferrothorn|308\/352|[from] item: Leftovers","|upkeep","|turn|10","|","|switch|p2a: Tyranitar|Tyranitar, F|371\/371","|-weather|Sandstorm|[from] ability: Sand Stream|[of] p2a: Tyranitar","|move|p1a: Clefable|Flamethrower|p2a: Tyranitar","|-resisted|p2a: Tyranitar","|-damage|p2a: Tyranitar|352\/371","|-status|p2a: Tyranitar|brn","|","|-weather|Sandstorm|[upkeep]","|-damage|p2a: Tyranitar|329\/371 brn|[from] brn","|upkeep","|turn|11","|","|move|p1a: Clefable|Moonblast|p2a: Tyranitar","|-supereffective|p2a: Tyranitar","|-damage|p2a: Tyranitar|209\/371 brn","|-unboost|p2a: Tyranitar|spa|1","|move|p2a: Tyranitar|Heavy Slam|p1a: Clefable","|-supereffective|p1a: Clefable","|-damage|p1a: Clefable|218\/380","|","|-weather|Sandstorm|[upkeep]","|-damage|p2a: Tyranitar|186\/371 brn|[from] brn","|upkeep","|turn|12","|","|switch|p1a: Hawlucha|Hawlucha, M|243\/297","|switch|p2a: Toxapex|Toxapex, M|304\/304","|","|-weather|Sandstorm|[upkeep]","|-damage|p1a: Hawlucha|225\/297|[from] Sandstorm","|-damage|p2a: Toxapex|285\/304|[from] Sandstorm","|-heal|p2a: Toxapex|304\/304|[from] item: Black Sludge","|upkeep","|turn|13","|","|switch|p1a: Ferrothorn|Ferrothorn, M, shiny|330\/352 brn","|move|p2a: Toxapex|Toxic||[still]","|-fail|p2a: Toxapex","|","|-weather|Sandstorm|[upkeep]","|-damage|p2a: Toxapex|285\/304|[from] Sandstorm","|-heal|p2a: Toxapex|304\/304|[from] item: Black Sludge","|-heal|p1a: Ferrothorn|352\/352 brn|[from] item: Leftovers","|-damage|p1a: Ferrothorn|330\/352 brn|[from] brn","|upkeep","|turn|14","|","|switch|p2a: Mandibuzz|Mandibuzz, F|423\/423","|move|p1a: Ferrothorn|Leech Seed|p2a: Mandibuzz","|-start|p2a: Mandibuzz|move: Leech Seed","|","|-weather|none","|-heal|p1a: Ferrothorn|352\/352 brn|[from] item: Leftovers","|-damage|p2a: Mandibuzz|371\/423|[from] Leech Seed|[of] p1a: Ferrothorn","|-damage|p1a: Ferrothorn|330\/352 brn|[from] brn","|upkeep","|turn|15","|","|move|p2a: Mandibuzz|Knock Off|p1a: Ferrothorn","|-damage|p1a: Ferrothorn|281\/352 brn","|-damage|p2a: Mandibuzz|319\/423|[from] ability: Iron Barbs|[of] p1a: Ferrothorn","|-enditem|p1a: Ferrothorn|Leftovers|[from] move: Knock Off|[of] p2a: Mandibuzz","|move|p1a: Ferrothorn|Knock Off|p2a: Mandibuzz","|-resisted|p2a: Mandibuzz","|-crit|p2a: Mandibuzz","|-damage|p2a: Mandibuzz|302\/423","|-enditem|p2a: Mandibuzz|Heavy-Duty Boots|[from] move: Knock Off|[of] p1a: Ferrothorn","|","|-damage|p2a: Mandibuzz|250\/423|[from] Leech Seed|[of] p1a: Ferrothorn","|-heal|p1a: Ferrothorn|333\/352 brn|[silent]","|-damage|p1a: Ferrothorn|311\/352 brn|[from] brn","|upkeep","|turn|16","|","|move|p2a: Mandibuzz|Roost|p2a: Mandibuzz","|-heal|p2a: Mandibuzz|423\/423","|-singleturn|p2a: Mandibuzz|move: Roost","|move|p1a: Ferrothorn|Power Whip|p2a: Mandibuzz","|-damage|p2a: Mandibuzz|378\/423","|","|-damage|p2a: Mandibuzz|326\/423|[from] Leech Seed|[of] p1a: Ferrothorn","|-heal|p1a: Ferrothorn|352\/352 brn|[silent]","|-damage|p1a: Ferrothorn|330\/352 brn|[from] brn","|upkeep","|turn|17","|","|switch|p2a: Ferrothorn|Ferrothorn, F|308\/352","|move|p1a: Ferrothorn|Knock Off|p2a: Ferrothorn","|-damage|p2a: Ferrothorn|278\/352","|-damage|p1a: Ferrothorn|286\/352 brn|[from] ability: Iron Barbs|[of] p2a: Ferrothorn","|-enditem|p2a: Ferrothorn|Leftovers|[from] move: Knock Off|[of] p1a: Ferrothorn","|","|-damage|p1a: Ferrothorn|264\/352 brn|[from] brn","|upkeep","|turn|18","|","|switch|p1a: Hawlucha|Hawlucha, M|225\/297","|move|p2a: Ferrothorn|Leech Seed|p1a: Hawlucha","|-start|p1a: Hawlucha|move: Leech Seed","|","|-damage|p1a: Hawlucha|188\/297|[from] Leech Seed|[of] p2a: Ferrothorn","|-heal|p2a: Ferrothorn|315\/352|[silent]","|upkeep","|turn|19","|","|switch|p2a: Pyukumuku|Pyukumuku, M|314\/314","|move|p1a: Hawlucha|Swords Dance|p1a: Hawlucha","|-boost|p1a: Hawlucha|atk|2","|","|-damage|p1a: Hawlucha|151\/297|[from] Leech Seed|[of] p2a: Pyukumuku","|upkeep","|turn|20","|","|move|p1a: Hawlucha|Close Combat|p2a: Pyukumuku","|-damage|p2a: Pyukumuku|212\/314","|-unboost|p1a: Hawlucha|def|1","|-unboost|p1a: Hawlucha|spd|1","|move|p2a: Pyukumuku|Taunt|p1a: Hawlucha","|-start|p1a: Hawlucha|move: Taunt","|","|-heal|p2a: Pyukumuku|231\/314|[from] item: Leftovers","|-damage|p1a: Hawlucha|114\/297|[from] Leech Seed|[of] p2a: Pyukumuku","|-heal|p2a: Pyukumuku|268\/314|[silent]","|upkeep","|turn|21","|","|switch|p1a: Ferrothorn|Ferrothorn, M, shiny|264\/352 brn","|move|p2a: Pyukumuku|Taunt|p1a: Ferrothorn","|-start|p1a: Ferrothorn|move: Taunt","|","|-heal|p2a: Pyukumuku|287\/314|[from] item: Leftovers","|-damage|p1a: Ferrothorn|242\/352 brn|[from] brn","|upkeep","|turn|22","|","|switch|p2a: Ferrothorn|Ferrothorn, F|315\/352","|move|p1a: Ferrothorn|Power Whip|p2a: Ferrothorn","|-resisted|p2a: Ferrothorn","|-damage|p2a: Ferrothorn|303\/352","|-damage|p1a: Ferrothorn|198\/352 brn|[from] ability: Iron Barbs|[of] p2a: Ferrothorn","|","|-damage|p1a: Ferrothorn|176\/352 brn|[from] brn","|upkeep","|turn|23","|","|switch|p1a: Clefable|Clefable, F, shiny|218\/380","|move|p2a: Ferrothorn|Heavy Slam|p1a: Clefable","|-supereffective|p1a: Clefable","|-damage|p1a: Clefable|44\/380","|","|upkeep","|turn|24","|","|switch|p2a: Tyranitar|Tyranitar, F|186\/371 brn","|-weather|Sandstorm|[from] ability: Sand Stream|[of] p2a: Tyranitar","|move|p1a: Clefable|Moonblast|p2a: Tyranitar","|-supereffective|p2a: Tyranitar","|-damage|p2a: Tyranitar|69\/371 brn","|-unboost|p2a: Tyranitar|spa|1","|","|-weather|Sandstorm|[upkeep]","|-damage|p2a: Tyranitar|46\/371 brn|[from] brn","|upkeep","|turn|25","|","|move|p1a: Clefable|Moonlight|p1a: Clefable","|-heal|p1a: Clefable|139\/380","|move|p2a: Tyranitar|Heavy Slam|p1a: Clefable","|-supereffective|p1a: Clefable","|-damage|p1a: Clefable|0 fnt","|faint|p1a: Clefable","|","|-weather|Sandstorm|[upkeep]","|-damage|p2a: Tyranitar|23\/371 brn|[from] brn","|upkeep","|","|switch|p1a: Dragapult|Dragapult, F|317\/317","|turn|26","|","|move|p1a: Dragapult|Shadow Ball|p2a: Tyranitar","|-resisted|p2a: Tyranitar","|-damage|p2a: Tyranitar|2\/371 brn","|-unboost|p2a: Tyranitar|spd|1","|move|p2a: Tyranitar|Crunch|p1a: Dragapult","|-supereffective|p1a: Dragapult","|-damage|p1a: Dragapult|151\/317","|","|-weather|Sandstorm|[upkeep]","|-damage|p1a: Dragapult|132\/317|[from] Sandstorm","|-damage|p2a: Tyranitar|0 fnt|[from] brn","|faint|p2a: Tyranitar","|upkeep","|","|switch|p2a: Dragapult|Dragapult, M|317\/317","|turn|27","|","|move|p2a: Dragapult|Shadow Ball|p1a: Dragapult","|-supereffective|p1a: Dragapult","|-damage|p1a: Dragapult|0 fnt","|faint|p1a: Dragapult","|","|-weather|Sandstorm|[upkeep]","|-damage|p2a: Dragapult|298\/317|[from] Sandstorm","|upkeep","|","|switch|p1a: Mandibuzz|Mandibuzz, F, shiny|424\/424","|turn|28","|","|switch|p2a: Ferrothorn|Ferrothorn, F|303\/352","|move|p1a: Mandibuzz|Knock Off|p2a: Ferrothorn","|-crit|p2a: Ferrothorn","|-damage|p2a: Ferrothorn|239\/352","|-damage|p1a: Mandibuzz|371\/424|[from] ability: Iron Barbs|[of] p2a: Ferrothorn","|","|-weather|none","|upkeep","|turn|29","|-message|1943 forfeited.","|","|win|30907","|l|\u26061943","|l|\u260630907","|raw|1943's rating: 1205 &rarr; <strong>1183<\/strong><br \/>(-22 for losing)","|raw|30907's rating: 1248 &rarr; <strong>1270<\/strong><br \/>(+22 for winning)",""],"p1":"1943","p1rating":1205,"p1team":[{"ability":"magicguard","evs":{"atk":0,"def":0,"hp":196,"spa":252,"spd":0,"spe":60},"happiness":160,"item":"lifeorb","ivs":{"atk":0,"def":31,"hp":31,"spa":31,"spd":31,"spe":31},"level":100,"moves":["moonblast","flamethrower","thunderbolt","moonlight"],"name":"Clefable","nature":"Modest","shiny":true,"species":"Clefable"},{"ability":"cursedbody","evs":{"atk":0,"def":252,"hp":252,"spa":0,"spd":4,"spe":0},"happiness":160,"item":"eviolite","ivs":{"atk":0,"def":31,"hp":31,"spa":31,"spd":31,"spe":31},"level":100,"moves":["nightshade","stealthrock","strengthsap","willowisp"],"name":"Corsola","nature":"Bold","species":"corsolagalar"},{"ability":"infiltrator","evs":{"atk":0,"def":0,"hp":0,"spa":252,"spd":4,"spe":252},"happiness":160,"item":"choicescarf","ivs":{"atk":31,"def":31,"hp":31,"spa":31,"spd":31,"spe":31},"level":100,"moves":["dracometeor","fireblast","shadowball","uturn"],"name":"Dragapult","nature":"Modest","species":"Dragapult"},{"ability":"ironbarbs","evs":{"atk":0,"def":252,"hp":252,"spa":0,"spd":4,"spe":0},"happiness":160,"item":"leftovers","ivs":{"atk":31,"def":31,"hp":31,"spa":31,"spd":31,"spe":31},"level":100,"moves":["knockoff","leechseed","protect","powerwhip"],"name":"Ferrothorn","nature":"Impish","shiny":true,"species":"Ferrothorn"},{"ability":"unburden","evs":{"atk":252,"def":0,"hp":0,"spa":0,"spd":4,"spe":252},"happiness":160,"item":"","ivs":{"atk":31,"def":31,"hp":31,"spa":31,"spd":31,"spe":31},"level":100,"moves":["acrobatics","closecombat","swordsdance","throatchop"],"name":"Hawlucha","nature":"Adamant","species":"Hawlucha"},{"ability":"overcoat","evs":{"atk":0,"def":4,"hp":252,"spa":0,"spd":252,"spe":0},"gender":"F","happiness":160,"item":"heavydutyboots","ivs":{"atk":31,"def":31,"hp":31,"spa":31,"spd":31,"spe":31},"level":100,"moves":["defog","knockoff","roost","taunt"],"name":"Mandibuzz","nature":"Careful","shiny":true,"species":"Mandibuzz"}],"p2":"30907","p2rating":1271,"p2team":[{"ability":"regenerator","evs":{"atk":0,"def":252,"hp":252,"spa":0,"spd":4,"spe":0},"happiness":160,"item":"blacksludge","ivs":{"atk":0,"def":31,"hp":31,"spa":31,"spd":31,"spe":31},"level":100,"moves":["toxic","scald","recover","haze"],"name":"Toxapex","nature":"Bold","species":"Toxapex"},{"ability":"unaware","evs":{"atk":0,"def":252,"hp":252,"spa":0,"spd":4,"spe":0},"happiness":160,"item":"leftovers","ivs":{"atk":0,"def":31,"hp":31,"spa":31,"spd":31,"spe":31},"level":100,"moves":["counter","recover","mirrorcoat","taunt"],"name":"Pyukumuku","nature":"Bold","species":"Pyukumuku"},{"ability":"overcoat","evs":{"atk":0,"def":252,"hp":248,"spa":0,"spd":4,"spe":4},"gender":"F","happiness":160,"item":"heavydutyboots","ivs":{"atk":31,"def":31,"hp":31,"spa":31,"spd":31,"spe":31},"level":100,"moves":["defog","roost","toxic","knockoff"],"name":"Mandibuzz","nature":"Impish","species":"Mandibuzz"},{"ability":"ironbarbs","evs":{"atk":0,"def":0,"hp":252,"spa":0,"spd":180,"spe":76},"happiness":160,"item":"leftovers","ivs":{"atk":31,"def":31,"hp":31,"spa":31,"spd":31,"spe":31},"level":100,"moves":["protect","leechseed","spikes","heavyslam"],"name":"Ferrothorn","nature":"Careful","species":"Ferrothorn"},{"ability":"sandstream","evs":{"atk":136,"def":0,"hp":120,"spa":0,"spd":252,"spe":0},"happiness":160,"item":"assaultvest","ivs":{"atk":31,"def":31,"hp":31,"spa":31,"spd":31,"spe":31},"level":100,"moves":["crunch","firepunch","heavyslam","icepunch"],"name":"Tyranitar","nature":"Careful","species":"Tyranitar"},{"ability":"infiltrator","evs":{"atk":0,"def":0,"hp":0,"spa":252,"spd":4,"spe":252},"happiness":160,"item":"choicescarf","ivs":{"atk":0,"def":31,"hp":31,"spa":31,"spd":31,"spe":31},"level":100,"moves":["dracometeor","fireblast","shadowball","thunderwave"],"name":"Dragapult","nature":"Timid","species":"Dragapult"}],"roomid":1019468,"score":[4,5],"seed":[30114,17379,60350,19826],"timestamp":"Sat Dec 28 2019 23:XX","turns":29,"winner":"30907","rated_battle":true,"average_rating":1238}