{"endType":"normal","format":"gen8ou","inputLog":[">version aa9f8c6b9cf4eca780a1296832ecd3b0009641e0",">version-origin 5e8529faaa5905c5f8e15eafaaefa806ee8c7d06",">start {\"formatid\":\"gen8ou\",\"seed\":[14080,24998,116,27186],\"rated\":\"Rated battle\"}",">player p1 {\"\"name\":\"27325\",\"rating\":1339}",">player p2 {\"\"name\":\"1568\",\"rating\":1324}",">p1 team 1, 2, 3, 4, 5, 6",">p2 team 6, 2, 3, 4, 5, 1",">p1 switch 2",">p2 move icepunch",">p1 move toxic",">p2 move earthquake",">p1 switch 3",">p2 move earthquake",">p1 move moonblast",">p2 switch 4",">p1 switch 4",">p2 move rapidspin",">p1 move firelash",">p2 move earthquake",">p2 switch 2",">p1 switch 3",">p2 move uturn",">p2 switch 5",">p1 switch 5",">p2 move earthquake",">p1 move stealthrock",">p2 switch 4",">p1 switch 3",">p2 move icepunch",">p1 switch 2",">p1 move substitute",">p2 move icepunch",">p1 move hex",">p2 move icepunch",">p1 switch 6",">p2 switch 3",">p1 switch 5",">p2 move waterfall",">p1 move toxic",">p2 switch 4",">p1 switch 3",">p2 move lowkick",">p1 switch 5",">p1 move iciclecrash",">p2 switch 5",">p1 move iciclecrash",">p2 move roost",">p2 switch 4",">p1 switch 3",">p2 move psychicfangs",">p1 switch 4",">p2 move psychicfangs",">p1 switch 3",">p1 move earthquake",">p2 switch 5",">p2 switch 5",">p1 switch 4",">p2 move psychicfangs",">p1 switch 4",">p2 move psychicfangs",">p1 switch 4",">p2 move psychicfangs",">p1 move recover",">p2 move psychicfangs",">p1 switch 4",">p1 move iciclecrash",">p2 move psychicfangs",">p2 switch 6",">p1 move iciclecrash",">p2 move scald"],"log":["|j|\u260627325","|j|\u26061568","|player|p1|27325|101|1339","|player|p2|1568|1|1324","|teamsize|p1|6","|teamsize|p2|6","|gametype|singles","|gen|8","|tier|[Gen 8] OU","|rated|","|rule|Sleep Clause Mod: Limit one foe put to sleep","|rule|Species Clause: Limit one of each Pok\u00e9mon","|rule|OHKO Clause: OHKO moves are banned","|rule|Evasion Moves Clause: Evasion moves are banned","|rule|Endless Battle Clause: Forcing endless battles is banned","|rule|HP Percentage Mod: HP is shown in percentages","|clearpoke","|poke|p1|Dragapult, F|","|poke|p1|Toxapex, M|","|poke|p1|Clefable, F|","|poke|p1|Centiskorch, F|","|poke|p1|Excadrill, F|","|poke|p1|Darmanitan-Galar, F|","|poke|p2|Mantine, M|","|poke|p2|Pelipper, F|","|poke|p2|Barraskewda, F|","|poke|p2|Excadrill, M|","|poke|p2|Dracozolt|","|poke|p2|Conkeldurr, M|","|rule|Dynamax Clause: You cannot dynamax","|teampreview","|","|start","|switch|p1a: Dragapult|Dragapult, F|326\/326","|switch|p2a: Conkeldurr|Conkeldurr, M|373\/373","|turn|1","|","|switch|p1a: Toxapex|Toxapex, M|304\/304","|move|p2a: Conkeldurr|Ice Punch|p1a: Toxapex","|-resisted|p1a: Toxapex","|-damage|p1a: Toxapex|277\/304","|","|-heal|p1a: Toxapex|296\/304|[from] item: Black Sludge","|upkeep","|turn|2","|","|move|p2a: Conkeldurr|Earthquake|p1a: Toxapex","|-supereffective|p1a: Toxapex","|-damage|p1a: Toxapex|136\/304","|move|p1a: Toxapex|Toxic|p2a: Conkeldurr","|-status|p2a: Conkeldurr|tox","|","|-heal|p1a: Toxapex|155\/304|[from] item: Black Sludge","|-damage|p2a: Conkeldurr|350\/373 tox|[from] psn","|upkeep","|turn|3","|","|switch|p1a: Clefable|Clefable, F|379\/379","|move|p2a: Conkeldurr|Earthquake|p1a: Clefable","|-damage|p1a: Clefable|101\/379","|","|-damage|p2a: Conkeldurr|304\/373 tox|[from] psn","|upkeep","|turn|4","|","|switch|p2a: T-gan|Excadrill, M, shiny|361\/361","|-ability|p2a: T-gan|Mold Breaker","|move|p1a: Clefable|Moonblast|p2a: T-gan","|-resisted|p2a: T-gan","|-damage|p2a: T-gan|226\/361","|","|upkeep","|turn|5","|","|switch|p1a: Centiskorch|Centiskorch, F|403\/403","|move|p2a: T-gan|Rapid Spin|p1a: Centiskorch","|-damage|p1a: Centiskorch|314\/403","|-boost|p2a: T-gan|spe|1","|","|upkeep","|turn|6","|","|move|p2a: T-gan|Earthquake|p1a: Centiskorch","|-damage|p1a: Centiskorch|41\/403","|move|p1a: Centiskorch|Fire Lash|p2a: T-gan","|-supereffective|p2a: T-gan","|-damage|p2a: T-gan|0 fnt","|faint|p2a: T-gan","|","|upkeep","|","|switch|p2a: Pelipper|Pelipper, F|324\/324","|-weather|RainDance|[from] ability: Drizzle|[of] p2a: Pelipper","|turn|7","|","|switch|p1a: Toxapex|Toxapex, M|256\/304","|move|p2a: Pelipper|U-turn|p1a: Toxapex","|-resisted|p1a: Toxapex","|-damage|p1a: Toxapex|247\/304","|","|switch|p2a: Dracozolt|Dracozolt|321\/321","|","|-weather|RainDance|[upkeep]","|-heal|p1a: Toxapex|266\/304|[from] item: Black Sludge","|upkeep","|turn|8","|","|switch|p1a: Excadrill|Excadrill, F|361\/361","|-ability|p1a: Excadrill|Mold Breaker","|-item|p1a: Excadrill|Air Balloon","|move|p2a: Dracozolt|Earthquake|p1a: Excadrill","|-immune|p1a: Excadrill","|","|-weather|RainDance|[upkeep]","|upkeep","|turn|9","|","|switch|p2a: Conkeldurr|Conkeldurr, M|304\/373 tox","|move|p1a: Excadrill|Stealth Rock|p2a: Conkeldurr","|-sidestart1568|move: Stealth Rock","|","|-weather|RainDance|[upkeep]","|-damage|p2a: Conkeldurr|281\/373 tox|[from] psn","|upkeep","|turn|10","|","|switch|p1a: Centiskorch|Centiskorch, F|41\/403","|move|p2a: Conkeldurr|Ice Punch|p1a: Centiskorch","|-resisted|p1a: Centiskorch","|-damage|p1a: Centiskorch|0 fnt","|faint|p1a: Centiskorch","|","|-weather|RainDance|[upkeep]","|-damage|p2a: Conkeldurr|235\/373 tox|[from] psn","|upkeep","|","|switch|p1a: Dragapult|Dragapult, F|326\/326","|turn|11","|","|move|p1a: Dragapult|Substitute|p1a: Dragapult","|-start|p1a: Dragapult|Substitute","|-damage|p1a: Dragapult|245\/326","|move|p2a: Conkeldurr|Ice Punch|p1a: Dragapult","|-supereffective|p1a: Dragapult","|-end|p1a: Dragapult|Substitute","|","|-weather|RainDance|[upkeep]","|-heal|p1a: Dragapult|265\/326|[from] item: Leftovers","|-damage|p2a: Conkeldurr|166\/373 tox|[from] psn","|upkeep","|turn|12","|","|move|p1a: Dragapult|Hex|p2a: Conkeldurr","|-damage|p2a: Conkeldurr|7\/373 tox","|move|p2a: Conkeldurr|Ice Punch|p1a: Dragapult","|-supereffective|p1a: Dragapult","|-damage|p1a: Dragapult|0 fnt","|faint|p1a: Dragapult","|","|-weather|RainDance|[upkeep]","|-damage|p2a: Conkeldurr|0 fnt|[from] psn","|faint|p2a: Conkeldurr","|upkeep","|","|switch|p1a: Darmanitan|Darmanitan-Galar, F|351\/351","|switch|p2a: Barraskewda|Barraskewda, F|263\/263","|-damage|p2a: Barraskewda|231\/263|[from] Stealth Rock","|turn|13","|","|switch|p1a: Toxapex|Toxapex, M|304\/304","|move|p2a: Barraskewda|Waterfall|p1a: Toxapex","|-resisted|p1a: Toxapex","|-damage|p1a: Toxapex|211\/304","|","|-weather|RainDance|[upkeep]","|-heal|p1a: Toxapex|230\/304|[from] item: Black Sludge","|upkeep","|turn|14","|","|switch|p2a: Dracozolt|Dracozolt|321\/321","|-damage|p2a: Dracozolt|281\/321|[from] Stealth Rock","|move|p1a: Toxapex|Toxic|p2a: Dracozolt","|-status|p2a: Dracozolt|tox","|","|-weather|none","|-heal|p1a: Toxapex|249\/304|[from] item: Black Sludge","|-damage|p2a: Dracozolt|261\/321 tox|[from] psn","|upkeep","|turn|15","|","|switch|p1a: Excadrill|Excadrill, F|361\/361","|-ability|p1a: Excadrill|Mold Breaker","|-item|p1a: Excadrill|Air Balloon","|move|p2a: Dracozolt|Low Kick|p1a: Excadrill","|-supereffective|p1a: Excadrill","|-damage|p1a: Excadrill|0 fnt","|-enditem|p1a: Excadrill|Air Balloon","|faint|p1a: Excadrill","|","|-damage|p2a: Dracozolt|221\/321 tox|[from] psn","|upkeep","|","|switch|p1a: Darmanitan|Darmanitan-Galar, F|351\/351","|turn|16","|","|switch|p2a: Pelipper|Pelipper, F|324\/324","|-damage|p2a: Pelipper|243\/324|[from] Stealth Rock","|-weather|RainDance|[from] ability: Drizzle|[of] p2a: Pelipper","|move|p1a: Darmanitan|Icicle Crash|p2a: Pelipper","|-damage|p2a: Pelipper|47\/324","|","|-weather|RainDance|[upkeep]","|upkeep","|turn|17","|","|move|p1a: Darmanitan|Icicle Crash|p2a: Pelipper","|-damage|p2a: Pelipper|0 fnt","|faint|p2a: Pelipper","|","|-weather|RainDance|[upkeep]","|upkeep","|","|switch|p2a: Barraskewda|Barraskewda, F|231\/263","|-damage|p2a: Barraskewda|199\/263|[from] Stealth Rock","|turn|18","|","|switch|p1a: Toxapex|Toxapex, M|304\/304","|move|p2a: Barraskewda|Psychic Fangs|p1a: Toxapex","|-supereffective|p1a: Toxapex","|-damage|p1a: Toxapex|146\/304","|","|-weather|RainDance|[upkeep]","|-heal|p1a: Toxapex|165\/304|[from] item: Black Sludge","|upkeep","|turn|19","|","|switch|p1a: Clefable|Clefable, F|101\/379","|move|p2a: Barraskewda|Psychic Fangs|p1a: Clefable","|-damage|p1a: Clefable|0 fnt","|faint|p1a: Clefable","|","|-weather|RainDance|[upkeep]","|upkeep","|","|switch|p1a: Darmanitan|Darmanitan-Galar, F|351\/351","|turn|20","|","|switch|p2a: Dracozolt|Dracozolt|221\/321 tox","|-damage|p2a: Dracozolt|181\/321 tox|[from] Stealth Rock","|move|p1a: Darmanitan|Earthquake|p2a: Dracozolt","|-supereffective|p2a: Dracozolt","|-damage|p2a: Dracozolt|0 fnt","|faint|p2a: Dracozolt","|","|-weather|RainDance|[upkeep]","|upkeep","|","|switch|p2a: Barraskewda|Barraskewda, F|199\/263","|-damage|p2a: Barraskewda|167\/263|[from] Stealth Rock","|turn|21","|","|switch|p1a: Toxapex|Toxapex, M|266\/304","|move|p2a: Barraskewda|Psychic Fangs|p1a: Toxapex","|-supereffective|p1a: Toxapex","|-damage|p1a: Toxapex|106\/304","|","|-weather|RainDance|[upkeep]","|-heal|p1a: Toxapex|125\/304|[from] item: Black Sludge","|upkeep","|turn|22","|","|switch|p1a: Darmanitan|Darmanitan-Galar, F|351\/351","|move|p2a: Barraskewda|Psychic Fangs|p1a: Darmanitan","|-damage|p1a: Darmanitan|81\/351","|","|-weather|RainDance|[upkeep]","|upkeep","|turn|23","|","|switch|p1a: Toxapex|Toxapex, M|226\/304","|move|p2a: Barraskewda|Psychic Fangs|p1a: Toxapex","|-supereffective|p1a: Toxapex","|-damage|p1a: Toxapex|46\/304","|","|-weather|none","|-heal|p1a: Toxapex|65\/304|[from] item: Black Sludge","|upkeep","|turn|24","|","|move|p2a: Barraskewda|Psychic Fangs|p1a: Toxapex","|-supereffective|p1a: Toxapex","|-damage|p1a: Toxapex|0 fnt","|faint|p1a: Toxapex","|","|upkeep","|","|switch|p1a: Darmanitan|Darmanitan-Galar, F|81\/351","|turn|25","|","|move|p1a: Darmanitan|Icicle Crash|p2a: Barraskewda","|-resisted|p2a: Barraskewda","|-damage|p2a: Barraskewda|0 fnt","|faint|p2a: Barraskewda","|","|upkeep","|","|switch|p2a: Teegan|Mantine, M, shiny|311\/311","|-damage|p2a: Teegan|234\/311|[from] Stealth Rock","|turn|26","|","|move|p1a: Darmanitan|Icicle Crash|p2a: Teegan","|-damage|p2a: Teegan|0 fnt","|faint|p2a: Teegan","|","|win|27325","|raw|27325's rating: 1339 &rarr; <strong>1358<\/strong><br \/>(+19 for winning)","|raw|1568's rating: 1325 &rarr; <strong>1306<\/strong><br \/>(-19 for losing)",""],"p1":"27325","p1rating":1339,"p1team":[{"ability":"infiltrator","evs":{"atk":0,"def":0,"hp":36,"spa":252,"spd":0,"spe":220},"happiness":160,"item":"leftovers","ivs":{"atk":0,"def":31,"hp":31,"spa":31,"spd":31,"spe":31},"level":100,"moves":["hex","substitute","willowisp","dragonpulse"],"name":"Dragapult","nature":"Timid","species":"Dragapult"},{"ability":"regenerator","evs":{"atk":0,"def":252,"hp":252,"spa":0,"spd":4,"spe":0},"happiness":160,"item":"blacksludge","ivs":{"atk":0,"def":31,"hp":31,"spa":31,"spd":31,"spe":31},"level":100,"moves":["toxic","scald","icebeam","recover"],"name":"Toxapex","nature":"Bold","species":"Toxapex"},{"ability":"magicguard","evs":{"atk":0,"def":0,"hp":192,"spa":252,"spd":0,"spe":64},"happiness":160,"item":"lifeorb","ivs":{"atk":0,"def":31,"hp":31,"spa":31,"spd":31,"spe":31},"level":100,"moves":["wish","thunderwave","moonblast","thunderbolt"],"name":"Clefable","nature":"Modest","species":"Clefable"},{"ability":"flashfire","evs":{"atk":0,"def":0,"hp":248,"spa":0,"spd":236,"spe":24},"happiness":160,"item":"heavydutyboots","ivs":{"atk":31,"def":31,"hp":31,"spa":31,"spd":31,"spe":31},"level":100,"moves":["firelash","knockoff","willowisp","leechlife"],"name":"Centiskorch","nature":"Careful","species":"Centiskorch"},{"ability":"moldbreaker","evs":{"atk":252,"def":4,"hp":0,"spa":0,"spd":0,"spe":252},"happiness":160,"item":"airballoon","ivs":{"atk":31,"def":31,"hp":31,"spa":31,"spd":31,"spe":31},"level":100,"moves":["rapidspin","earthquake","ironhead","stealthrock"],"name":"Excadrill","nature":"Jolly","species":"Excadrill"},{"ability":"gorillatactics","evs":{"atk":252,"def":0,"hp":0,"spa":0,"spd":4,"spe":252},"happiness":160,"item":"choicescarf","ivs":{"atk":31,"def":31,"hp":31,"spa":31,"spd":31,"spe":31},"level":100,"moves":["iciclecrash","flareblitz","earthquake","uturn"],"name":"Darmanitan","nature":"Adamant","species":"darmanitangalar"}],"p2":"1568","p2rating":1324,"p2team":[{"ability":"swiftswim","evs":{"atk":0,"def":4,"hp":0,"spa":252,"spd":0,"spe":252},"happiness":160,"item":"lifeorb","ivs":{"atk":0,"def":31,"hp":31,"spa":31,"spd":31,"spe":31},"level":100,"moves":["hurricane","scald","roost","substitute"],"name":"Teegan","nature":"Modest","shiny":true,"species":"mantine"},{"ability":"drizzle","evs":{"atk":0,"def":252,"hp":252,"spa":0,"spd":4,"spe":0},"happiness":160,"item":"damprock","ivs":{"atk":31,"def":31,"hp":31,"spa":31,"spd":31,"spe":31},"level":100,"moves":["tailwind","roost","uturn","scald"],"name":"Pelipper","nature":"Relaxed","species":"Pelipper"},{"ability":"swiftswim","evs":{"atk":252,"def":4,"hp":0,"spa":0,"spd":0,"spe":252},"happiness":160,"item":"choiceband","ivs":{"atk":31,"def":31,"hp":31,"spa":31,"spd":31,"spe":31},"level":100,"moves":["waterfall","closecombat","throatchop","psychicfangs"],"name":"Barraskewda","nature":"Adamant","species":"Barraskewda"},{"ability":"moldbreaker","evs":{"atk":252,"def":0,"hp":0,"spa":0,"spd":4,"spe":252},"happiness":160,"item":"focussash","ivs":{"atk":31,"def":31,"hp":31,"spa":31,"spd":31,"spe":31},"level":100,"moves":["stealthrock","rapidspin","earthquake","ironhead"],"name":"T-gan","nature":"Jolly","shiny":true,"species":"excadrill"},{"ability":"hustle","evs":{"atk":252,"def":4,"hp":0,"spa":0,"spd":0,"spe":252},"gender":"N","happiness":160,"item":"choiceband","ivs":{"atk":31,"def":31,"hp":31,"spa":31,"spd":31,"spe":31},"level":100,"moves":["boltbeak","dragonclaw","lowkick","earthquake"],"name":"Dracozolt","nature":"Jolly","species":"Dracozolt"},{"ability":"guts","evs":{"atk":252,"def":0,"hp":88,"spa":0,"spd":168,"spe":0},"happiness":160,"item":"assaultvest","ivs":{"atk":31,"def":31,"hp":31,"spa":31,"spd":31,"spe":31},"level":100,"moves":["drainpunch","icepunch","poisonjab","earthquake"],"name":"Conkeldurr","nature":"Adamant","species":"Conkeldurr"}],"roomid":1019040,"score":[1,0],"seed":[14080,24998,116,27186],"timestamp":"Sat Dec 28 2019 03:XX","turns":26,"winner":"27325","rated_battle":true,"average_rating":1331}