{"endType":"forfeit","format":"gen8ou","inputLog":[">version aa9f8c6b9cf4eca780a1296832ecd3b0009641e0",">version-origin 5e8529faaa5905c5f8e15eafaaefa806ee8c7d06",">start {\"formatid\":\"gen8ou\",\"seed\":[20455,36363,43688,15543],\"rated\":\"Rated battle\"}",">player p1 {\"\"name\":\"28502\",\"rating\":1293}",">player p2 {\"\"name\":\"28410\",\"rating\":1324}",">p1 team 1, 2, 3, 4, 5, 6",">p2 team 2, 1, 3, 4, 5, 6",">p1 move leafstorm",">p2 move earthquake",">p1 switch 6",">p2 move stealthrock",">p1 move substitute",">p2 switch 4",">p1 move bulkup",">p2 move clangoroussoul",">p1 move bulkup",">p2 move flamethrower",">p1 move bravebird",">p2 move flamethrower",">p1 switch 4",">p2 switch 3",">p1 move flamethrower",">p2 move autotomize",">p2 switch 2",">p1 move flamethrower",">p2 move lightscreen",">p1 move flamethrower",">p2 move spiritbreak",">p1 move flamethrower",">p2 move spiritbreak",">p2 switch 6",">p1 switch 6",">p2 move dragondance",">p1 move thunderbolt",">p2 move bounce",">p1 move thunderbolt",">p2 move bounce",">p1 switch 3",">p1 move willowisp",">p2 move bounce",">p1 move strengthsap",">p2 move bounce"],"log":["|j|\u260628502","|j|\u260628410","|player|p1|28502|102|1293","|player|p2|28410|73|1324","|teamsize|p1|6","|teamsize|p2|6","|gametype|singles","|gen|8","|tier|[Gen 8] OU","|rated|","|rule|Sleep Clause Mod: Limit one foe put to sleep","|rule|Species Clause: Limit one of each Pok\u00e9mon","|rule|OHKO Clause: OHKO moves are banned","|rule|Evasion Moves Clause: Evasion moves are banned","|rule|Endless Battle Clause: Forcing endless battles is banned","|rule|HP Percentage Mod: HP is shown in percentages","|clearpoke","|poke|p1|Rotom-Mow|","|poke|p1|Kommo-o, M|","|poke|p1|Jellicent, F|","|poke|p1|Chandelure, F|","|poke|p1|Excadrill, F|","|poke|p1|Corviknight, F|","|poke|p2|Grimmsnarl, M|","|poke|p2|Excadrill, M|","|poke|p2|Aegislash, F|","|poke|p2|Kommo-o, M|","|poke|p2|Hawlucha, F|","|poke|p2|Gyarados, M|","|rule|Dynamax Clause: You cannot dynamax","|teampreview","|","|start","|switch|p1a: Rotom|Rotom-Mow|296\/296","|switch|p2a: Excadrill|Excadrill, M|362\/362","|-ability|p2a: Excadrill|Mold Breaker","|turn|1","|","|move|p2a: Excadrill|Earthquake|p1a: Rotom","|-damage|p1a: Rotom|128\/296","|move|p1a: Rotom|Leaf Storm|p2a: Excadrill","|-damage|p2a: Excadrill|148\/362","|-unboost|p1a: Rotom|spa|2","|","|upkeep","|turn|2","|","|switch|p1a: Corviknight|Corviknight, F|400\/400","|-ability|p1a: Corviknight|Pressure","|move|p2a: Excadrill|Stealth Rock|p1a: Corviknight","|-sidestart28502|move: Stealth Rock","|","|upkeep","|turn|3","|","|switch|p2a: Kommo-o|Kommo-o, M|291\/291","|move|p1a: Corviknight|Substitute|p1a: Corviknight","|-start|p1a: Corviknight|Substitute","|-damage|p1a: Corviknight|300\/400","|","|-heal|p1a: Corviknight|325\/400|[from] item: Leftovers","|upkeep","|turn|4","|","|move|p2a: Kommo-o|Clangorous Soul|p2a: Kommo-o","|-boost|p2a: Kommo-o|atk|1","|-boost|p2a: Kommo-o|def|1","|-boost|p2a: Kommo-o|spa|1","|-boost|p2a: Kommo-o|spd|1","|-boost|p2a: Kommo-o|spe|1","|-damage|p2a: Kommo-o|194\/291","|-enditem|p2a: Kommo-o|Throat Spray","|-boost|p2a: Kommo-o|spa|1","|move|p1a: Corviknight|Bulk Up|p1a: Corviknight","|-boost|p1a: Corviknight|atk|1","|-boost|p1a: Corviknight|def|1","|","|-heal|p1a: Corviknight|350\/400|[from] item: Leftovers","|upkeep","|turn|5","|","|move|p2a: Kommo-o|Flamethrower|p1a: Corviknight","|-supereffective|p1a: Corviknight","|-end|p1a: Corviknight|Substitute","|move|p1a: Corviknight|Bulk Up|p1a: Corviknight","|-boost|p1a: Corviknight|atk|1","|-boost|p1a: Corviknight|def|1","|","|-heal|p1a: Corviknight|375\/400|[from] item: Leftovers","|upkeep","|turn|6","|","|move|p2a: Kommo-o|Flamethrower|p1a: Corviknight","|-supereffective|p1a: Corviknight","|-damage|p1a: Corviknight|29\/400","|move|p1a: Corviknight|Brave Bird|p2a: Kommo-o","|-supereffective|p2a: Kommo-o","|-damage|p2a: Kommo-o|0 fnt","|-damage|p1a: Corviknight|0 fnt|[from] Recoil","|faint|p2a: Kommo-o","|faint|p1a: Corviknight","|","|upkeep","|","|switch|p2a: Aegislash|Aegislash, F|261\/261","|switch|p1a: Chandelure|Chandelure, F|262\/262","|-damage|p1a: Chandelure|197\/262|[from] Stealth Rock","|-item|p2a: Aegislash|Air Balloon","|turn|7","|","|move|p1a: Chandelure|Flamethrower|p2a: Aegislash","|-supereffective|p2a: Aegislash","|-damage|p2a: Aegislash|0 fnt","|-enditem|p2a: Aegislash|Air Balloon","|faint|p2a: Aegislash","|","|upkeep","|","|switch|p2a: Grimmsnarl|Grimmsnarl, M|354\/354","|turn|8","|","|move|p2a: Grimmsnarl|Light Screen|p2a: Grimmsnarl","|-sidestart28410|move: Light Screen","|move|p1a: Chandelure|Flamethrower|p2a: Grimmsnarl","|-damage|p2a: Grimmsnarl|183\/354","|","|upkeep","|turn|9","|","|move|p1a: Chandelure|Flamethrower|p2a: Grimmsnarl","|-damage|p2a: Grimmsnarl|18\/354","|move|p2a: Grimmsnarl|Spirit Break|p1a: Chandelure","|-resisted|p1a: Chandelure","|-damage|p1a: Chandelure|120\/262","|-unboost|p1a: Chandelure|spa|1","|","|upkeep","|turn|10","|","|move|p1a: Chandelure|Flamethrower|p2a: Grimmsnarl","|-damage|p2a: Grimmsnarl|0 fnt","|faint|p2a: Grimmsnarl","|","|upkeep","|","|switch|p2a: Gyarados|Gyarados, M|331\/331","|turn|11","|","|switch|p1a: Rotom|Rotom-Mow|128\/296","|move|p2a: Gyarados|Dragon Dance|p2a: Gyarados","|-boost|p2a: Gyarados|atk|1","|-boost|p2a: Gyarados|spe|1","|","|upkeep","|turn|12","|","|move|p2a: Gyarados|Bounce||[still]","|-prepare|p2a: Gyarados|Bounce|p1a: Rotom","|move|p1a: Rotom|Thunderbolt|p2a: Gyarados|[miss]","|-miss|p1a: Rotom|p2a: Gyarados","|","|upkeep","|turn|13","|","|move|p2a: Gyarados|Bounce|p1a: Rotom|[from]lockedmove","|-damage|p1a: Rotom|0 fnt","|faint|p1a: Rotom","|-ability|p2a: Gyarados|Moxie|boost","|-boost|p2a: Gyarados|atk|1","|","|upkeep","|","|switch|p1a: Jellicent|Jellicent, F|404\/404","|-damage|p1a: Jellicent|354\/404|[from] Stealth Rock","|turn|14","|","|move|p2a: Gyarados|Bounce||[still]","|-prepare|p2a: Gyarados|Bounce|p1a: Jellicent","|move|p1a: Jellicent|Will-O-Wisp|p2a: Gyarados|[miss]","|-miss|p1a: Jellicent|p2a: Gyarados","|","|-heal|p1a: Jellicent|379\/404|[from] item: Leftovers","|upkeep","|turn|15","|","|move|p2a: Gyarados|Bounce|p1a: Jellicent|[from]lockedmove","|-damage|p1a: Jellicent|121\/404","|-status|p1a: Jellicent|par","|cant|p1a: Jellicent|par","|","|-heal|p1a: Jellicent|146\/404 par|[from] item: Leftovers","|-sideend28410|move: Light Screen","|upkeep","|turn|16","|-message|28502 forfeited.","|","|win|28410","|l|\u260628502","|raw|28502's rating: 1293 &rarr; <strong>1270<\/strong><br \/>(-23 for losing)","|raw|28410's rating: 1324 &rarr; <strong>1343<\/strong><br \/>(+19 for winning)",""],"p1":"28502","p1rating":1293,"p1team":[{"ability":"levitate","evs":{"atk":0,"def":0,"hp":220,"spa":36,"spd":0,"spe":252},"gender":"N","happiness":160,"item":"heavydutyboots","ivs":{"atk":0,"def":31,"hp":31,"spa":31,"spd":31,"spe":31},"level":100,"moves":["thunderwave","nastyplot","thunderbolt","leafstorm"],"name":"Rotom","nature":"Timid","species":"rotommow"},{"ability":"bulletproof","evs":{"atk":0,"def":0,"hp":0,"spa":252,"spd":4,"spe":252},"happiness":160,"item":"throatspray","ivs":{"atk":0,"def":31,"hp":31,"spa":31,"spd":31,"spe":31},"level":100,"moves":["clangoroussoul","clangingscales","boomburst","flamethrower"],"name":"Kommo-o","nature":"Timid","species":"Kommo-o"},{"ability":"waterabsorb","evs":{"atk":0,"def":196,"hp":252,"spa":0,"spd":0,"spe":60},"happiness":160,"item":"leftovers","ivs":{"atk":31,"def":31,"hp":31,"spa":31,"spd":31,"spe":31},"level":100,"moves":["nightshade","strengthsap","willowisp","taunt"],"name":"Jellicent","nature":"Bold","species":"Jellicent"},{"ability":"flashfire","evs":{"atk":0,"def":0,"hp":4,"spa":252,"spd":0,"spe":252},"happiness":160,"item":"choicespecs","ivs":{"atk":0,"def":31,"hp":31,"spa":31,"spd":31,"spe":31},"level":100,"moves":["trick","psychic","flamethrower","shadowball"],"name":"Chandelure","nature":"Timid","species":"Chandelure"},{"ability":"moldbreaker","evs":{"atk":252,"def":0,"hp":0,"spa":0,"spd":4,"spe":252},"happiness":160,"item":"focussash","ivs":{"atk":31,"def":31,"hp":31,"spa":31,"spd":31,"spe":31},"level":100,"moves":["ironhead","earthquake","rapidspin","stealthrock"],"name":"Excadrill","nature":"Jolly","species":"Excadrill"},{"ability":"pressure","evs":{"atk":0,"def":32,"hp":252,"spa":0,"spd":136,"spe":88},"happiness":160,"item":"leftovers","ivs":{"atk":31,"def":31,"hp":31,"spa":31,"spd":31,"spe":31},"level":100,"moves":["bravebird","substitute","bulkup","roost"],"name":"Corviknight","nature":"Careful","species":"Corviknight"}],"p2":"28410","p2rating":1324,"p2team":[{"ability":"prankster","evs":{"atk":252,"def":0,"hp":92,"spa":0,"spd":0,"spe":164},"gender":"M","happiness":160,"item":"lightclay","ivs":{"atk":31,"def":31,"hp":31,"spa":31,"spd":31,"spe":31},"level":100,"moves":["spiritbreak","reflect","lightscreen","taunt"],"name":"Grimmsnarl","nature":"Adamant","species":"Grimmsnarl"},{"ability":"moldbreaker","evs":{"atk":252,"def":0,"hp":4,"spa":0,"spd":0,"spe":252},"happiness":160,"item":"focussash","ivs":{"atk":31,"def":31,"hp":31,"spa":31,"spd":31,"spe":31},"level":100,"moves":["rocktomb","earthquake","stealthrock","rapidspin"],"name":"Excadrill","nature":"Jolly","species":"Excadrill"},{"ability":"stancechange","evs":{"atk":252,"def":0,"hp":0,"spa":0,"spd":4,"spe":252},"happiness":160,"item":"airballoon","ivs":{"atk":31,"def":31,"hp":31,"spa":31,"spd":31,"spe":31},"level":100,"moves":["shadowclaw","closecombat","swordsdance","autotomize"],"name":"Aegislash","nature":"Jolly","species":"Aegislash"},{"ability":"bulletproof","evs":{"atk":0,"def":4,"hp":0,"spa":252,"spd":0,"spe":252},"happiness":160,"item":"throatspray","ivs":{"atk":0,"def":31,"hp":31,"spa":31,"spd":31,"spe":31},"level":100,"moves":["flamethrower","clangingscales","flashcannon","clangoroussoul"],"name":"Kommo-o","nature":"Timid","species":"Kommo-o"},{"ability":"unburden","evs":{"atk":252,"def":0,"hp":0,"spa":0,"spd":4,"spe":252},"happiness":160,"item":"whiteherb","ivs":{"atk":31,"def":31,"hp":31,"spa":31,"spd":31,"spe":31},"level":100,"moves":["closecombat","bravebird","dig","swordsdance"],"name":"Hawlucha","nature":"Adamant","species":"Hawlucha"},{"ability":"moxie","evs":{"atk":252,"def":0,"hp":0,"spa":0,"spd":4,"spe":252},"happiness":160,"item":"heavydutyboots","ivs":{"atk":31,"def":31,"hp":31,"spa":31,"spd":31,"spe":31},"level":100,"moves":["waterfall","bounce","earthquake","dragondance"],"name":"Gyarados","nature":"Jolly","species":"Gyarados"}],"roomid":101773,"score":[4,3],"seed":[20455,36363,43688,15543],"timestamp":"Mon Dec 30 2019 07:XX","turns":16,"winner":"28410","rated_battle":true,"average_rating":1308}