{"endType":"forfeit","format":"gen8ou","inputLog":[">version aa9f8c6b9cf4eca780a1296832ecd3b0009641e0",">version-origin 5e8529faaa5905c5f8e15eafaaefa806ee8c7d06",">start {\"formatid\":\"gen8ou\",\"seed\":[13713,29180,23973,39125],\"rated\":\"Rated battle\"}",">player p1 {\"\"name\":\"35700\",\"rating\":1420}",">player p2 {\"\"name\":\"3678\",\"rating\":1363}",">p1 team 4, 2, 3, 1, 5, 6",">p2 team 2, 1, 3, 4, 5, 6",">p1 move earthpower",">p2 switch 5",">p1 move earthpower",">p2 move trickroom",">p1 move earthpower",">p2 move psychic",">p1 move protect",">p2 move dazzlinggleam",">p1 move earthpower",">p2 move dazzlinggleam",">p1 switch 5",">p1 switch 3",">p2 move dazzlinggleam",">p1 move ironhead",">p2 switch 6",">p1 switch 3",">p2 move machpunch",">p1 move shadowball",">p2 move earthquake",">p2 switch 4",">p1 switch 4",">p2 move lightscreen",">p1 move toxic",">p2 move taunt",">p1 move flamethrower",">p2 move reflect",">p1 switch 6",">p2 switch 2",">p1 move defog",">p2 move dragondance",">p1 move uturn",">p2 move dragondance",">p1 switch 2",">p1 move stoneedge",">p2 move waterfall",">p1 switch 4",">p1 move dracometeor",">p2 move earthquake",">p1 switch 3",">p1 move ironhead",">p2 move waterfall",">p1 switch 2",">p1 move uturn",">p2 move waterfall"],"log":["|j|\u260635700","|j|\u26063678","|player|p1|35700|1|1420","|player|p2|3678|169|1363","|teamsize|p1|6","|teamsize|p2|6","|gametype|singles","|gen|8","|tier|[Gen 8] OU","|rated|","|rule|Sleep Clause Mod: Limit one foe put to sleep","|rule|Species Clause: Limit one of each Pok\u00e9mon","|rule|OHKO Clause: OHKO moves are banned","|rule|Evasion Moves Clause: Evasion moves are banned","|rule|Endless Battle Clause: Forcing endless battles is banned","|rule|HP Percentage Mod: HP is shown in percentages","|clearpoke","|poke|p1|Salazzle, F|","|poke|p1|Tyranitar, M|","|poke|p1|Excadrill, M|","|poke|p1|Seismitoad, M|","|poke|p1|Dragapult, F|","|poke|p1|Corviknight, M|","|poke|p2|Gyarados, F|","|poke|p2|Toxtricity, F|","|poke|p2|Cinderace, F|","|poke|p2|Grimmsnarl, M|","|poke|p2|Hatterene, F|","|poke|p2|Conkeldurr, M|","|rule|Dynamax Clause: You cannot dynamax","|teampreview","|","|start","|switch|p1a: Seismitoad|Seismitoad, M|413\/413","|switch|p2a: Toxtricity|Toxtricity, F|292\/292","|turn|1","|","|switch|p2a: Hatterene|Hatterene, F|318\/318","|move|p1a: Seismitoad|Earth Power|p2a: Hatterene","|-damage|p2a: Hatterene|219\/318","|","|-heal|p2a: Hatterene|238\/318|[from] item: Leftovers","|upkeep","|turn|2","|","|move|p1a: Seismitoad|Earth Power|p2a: Hatterene","|-damage|p2a: Hatterene|142\/318","|move|p2a: Hatterene|Trick Room|p2a: Hatterene","|-fieldstart|move: Trick Room|[of] p2a: Hatterene","|","|-heal|p2a: Hatterene|161\/318|[from] item: Leftovers","|upkeep","|turn|3","|","|move|p2a: Hatterene|Psychic|p1a: Seismitoad","|-crit|p1a: Seismitoad","|-damage|p1a: Seismitoad|52\/413","|move|p1a: Seismitoad|Earth Power|p2a: Hatterene","|-damage|p2a: Hatterene|73\/318","|","|-heal|p2a: Hatterene|92\/318|[from] item: Leftovers","|-heal|p1a: Seismitoad|77\/413|[from] item: Leftovers","|upkeep","|turn|4","|","|move|p1a: Seismitoad|Protect|p1a: Seismitoad","|-singleturn|p1a: Seismitoad|Protect","|move|p2a: Hatterene|Dazzling Gleam|p1a: Seismitoad","|-activate|p1a: Seismitoad|move: Protect","|","|-heal|p2a: Hatterene|111\/318|[from] item: Leftovers","|-heal|p1a: Seismitoad|102\/413|[from] item: Leftovers","|upkeep","|turn|5","|","|move|p2a: Hatterene|Dazzling Gleam|p1a: Seismitoad","|-damage|p1a: Seismitoad|0 fnt","|faint|p1a: Seismitoad","|","|-heal|p2a: Hatterene|130\/318|[from] item: Leftovers","|upkeep","|","|switch|p1a: Dragapult|Dragapult, F|317\/317","|turn|6","|","|switch|p1a: Excadrill|Excadrill, M|361\/361","|move|p2a: Hatterene|Dazzling Gleam|p1a: Excadrill","|-resisted|p1a: Excadrill","|-damage|p1a: Excadrill|240\/361","|","|-heal|p2a: Hatterene|149\/318|[from] item: Leftovers","|-fieldend|move: Trick Room","|upkeep","|turn|7","|","|switch|p2a: Conkeldurr|Conkeldurr, M|410\/410","|move|p1a: Excadrill|Iron Head|p2a: Conkeldurr","|-damage|p2a: Conkeldurr|227\/410","|-damage|p1a: Excadrill|204\/361|[from] item: Life Orb","|","|-status|p2a: Conkeldurr|brn|[from] item: Flame Orb","|upkeep","|turn|8","|","|switch|p1a: Dragapult|Dragapult, F|317\/317","|move|p2a: Conkeldurr|Mach Punch|p1a: Dragapult","|-immune|p1a: Dragapult","|","|-damage|p2a: Conkeldurr|202\/410 brn|[from] brn","|upkeep","|turn|9","|","|move|p1a: Dragapult|Shadow Ball|p2a: Conkeldurr","|-damage|p2a: Conkeldurr|0 fnt","|faint|p2a: Conkeldurr","|","|upkeep","|","|switch|p2a: Grimmsnarl|Grimmsnarl, M|354\/354","|turn|10","|","|switch|p1a: Salazzle|Salazzle, F|339\/339","|move|p2a: Grimmsnarl|Light Screen|p2a: Grimmsnarl","|-sidestart3678|move: Light Screen","|","|upkeep","|turn|11","|","|move|p2a: Grimmsnarl|Taunt|p1a: Salazzle","|-start|p1a: Salazzle|move: Taunt","|cant|p1a: Salazzle|move: Taunt|Toxic","|","|upkeep","|turn|12","|","|move|p2a: Grimmsnarl|Reflect|p2a: Grimmsnarl","|-sidestart3678|Reflect","|move|p1a: Salazzle|Flamethrower|p2a: Grimmsnarl","|-damage|p2a: Grimmsnarl|277\/354","|","|upkeep","|turn|13","|","|switch|p1a: Corviknight|Corviknight, M|399\/399","|-ability|p1a: Corviknight|Pressure","|switch|p2a: Gyarados|Gyarados, F|331\/331","|","|upkeep","|turn|14","|","|move|p2a: Gyarados|Dragon Dance|p2a: Gyarados","|-boost|p2a: Gyarados|atk|1","|-boost|p2a: Gyarados|spe|1","|move|p1a: Corviknight|Defog|p2a: Gyarados","|-unboost|p2a: Gyarados|evasion|1","|-sideend3678|Reflect","|-sideend3678|move: Light Screen","|","|upkeep","|turn|15","|","|move|p2a: Gyarados|Dragon Dance|p2a: Gyarados","|-boost|p2a: Gyarados|atk|1","|-boost|p2a: Gyarados|spe|1","|move|p1a: Corviknight|U-turn|p2a: Gyarados","|-resisted|p2a: Gyarados","|-damage|p2a: Gyarados|304\/331","|","|switch|p1a: Tyranitar|Tyranitar, M|403\/403","|-weather|Sandstorm|[from] ability: Sand Stream|[of] p1a: Tyranitar","|","|-weather|Sandstorm|[upkeep]","|-damage|p2a: Gyarados|284\/331|[from] Sandstorm","|upkeep","|turn|16","|","|move|p2a: Gyarados|Waterfall|p1a: Tyranitar","|-supereffective|p1a: Tyranitar","|-damage|p1a: Tyranitar|0 fnt","|-damage|p2a: Gyarados|251\/331|[from] item: Life Orb","|faint|p1a: Tyranitar","|-ability|p2a: Gyarados|Moxie|boost","|-boost|p2a: Gyarados|atk|1","|","|-weather|Sandstorm|[upkeep]","|-damage|p2a: Gyarados|231\/331|[from] Sandstorm","|upkeep","|","|switch|p1a: Dragapult|Dragapult, F|317\/317","|turn|17","|","|move|p2a: Gyarados|Earthquake|p1a: Dragapult","|-damage|p1a: Dragapult|0 fnt","|-damage|p2a: Gyarados|198\/331|[from] item: Life Orb","|faint|p1a: Dragapult","|-ability|p2a: Gyarados|Moxie|boost","|-boost|p2a: Gyarados|atk|1","|","|-weather|Sandstorm|[upkeep]","|-damage|p2a: Gyarados|178\/331|[from] Sandstorm","|upkeep","|","|switch|p1a: Excadrill|Excadrill, M|204\/361","|turn|18","|","|move|p1a: Excadrill|Iron Head|p2a: Gyarados","|-resisted|p2a: Gyarados","|-damage|p2a: Gyarados|65\/331","|-damage|p1a: Excadrill|168\/361|[from] item: Life Orb","|move|p2a: Gyarados|Waterfall|p1a: Excadrill","|-supereffective|p1a: Excadrill","|-damage|p1a: Excadrill|0 fnt","|-damage|p2a: Gyarados|32\/331|[from] item: Life Orb","|faint|p1a: Excadrill","|-ability|p2a: Gyarados|Moxie|boost","|-boost|p2a: Gyarados|atk|1","|","|-weather|Sandstorm|[upkeep]","|-damage|p2a: Gyarados|12\/331|[from] Sandstorm","|upkeep","|","|switch|p1a: Corviknight|Corviknight, M|399\/399","|-ability|p1a: Corviknight|Pressure","|turn|19","|","|move|p2a: Gyarados|Waterfall|p1a: Corviknight","|-damage|p1a: Corviknight|0 fnt","|-damage|p2a: Gyarados|0 fnt|[from] item: Life Orb","|faint|p1a: Corviknight","|faint|p2a: Gyarados","|","|-weather|Sandstorm|[upkeep]","|upkeep","|-message|35700 forfeited.","|","|win|3678","|l|\u260635700","|l|\u26063678","|raw|35700's rating: 1420 &rarr; <strong>1397<\/strong><br \/>(-23 for losing)","|raw|3678's rating: 1363 &rarr; <strong>1386<\/strong><br \/>(+23 for winning)",""],"p1":"35700","p1rating":1420,"p1team":[{"ability":"corrosion","evs":{"atk":0,"def":0,"hp":248,"spa":8,"spd":0,"spe":252},"gender":"F","happiness":160,"item":"blacksludge","ivs":{"atk":0,"def":31,"hp":31,"spa":31,"spd":31,"spe":31},"level":100,"moves":["substitute","protect","toxic","flamethrower"],"name":"Salazzle","nature":"Timid","species":"Salazzle"},{"ability":"sandstream","evs":{"atk":252,"def":0,"hp":248,"spa":8,"spd":0,"spe":0},"happiness":160,"item":"smoothrock","ivs":{"atk":31,"def":31,"hp":31,"spa":31,"spd":31,"spe":31},"level":100,"moves":["fireblast","stealthrock","stoneedge","crunch"],"name":"Tyranitar","nature":"Brave","species":"Tyranitar"},{"ability":"sandrush","evs":{"atk":252,"def":0,"hp":0,"spa":0,"spd":4,"spe":252},"happiness":160,"item":"lifeorb","ivs":{"atk":31,"def":31,"hp":31,"spa":31,"spd":31,"spe":31},"level":100,"moves":["rapidspin","ironhead","earthquake","swordsdance"],"name":"Excadrill","nature":"Jolly","species":"Excadrill"},{"ability":"waterabsorb","evs":{"atk":0,"def":252,"hp":248,"spa":0,"spd":8,"spe":0},"happiness":160,"item":"leftovers","ivs":{"atk":0,"def":31,"hp":31,"spa":31,"spd":31,"spe":31},"level":100,"moves":["scald","protect","toxic","earthpower"],"name":"Seismitoad","nature":"Bold","species":"Seismitoad"},{"ability":"infiltrator","evs":{"atk":0,"def":0,"hp":0,"spa":252,"spd":4,"spe":252},"happiness":160,"item":"choicespecs","ivs":{"atk":31,"def":31,"hp":31,"spa":31,"spd":31,"spe":31},"level":100,"moves":["shadowball","dracometeor","fireblast","uturn"],"name":"Dragapult","nature":"Timid","species":"Dragapult"},{"ability":"pressure","evs":{"atk":0,"def":40,"hp":248,"spa":0,"spd":220,"spe":0},"happiness":160,"item":"leftovers","ivs":{"atk":31,"def":31,"hp":31,"spa":31,"spd":31,"spe":31},"level":100,"moves":["bravebird","roost","defog","uturn"],"name":"Corviknight","nature":"Careful","species":"Corviknight"}],"p2":"3678","p2rating":1363,"p2team":[{"ability":"moxie","evs":{"atk":252,"def":0,"hp":0,"spa":0,"spd":4,"spe":252},"happiness":160,"item":"lifeorb","ivs":{"atk":31,"def":31,"hp":31,"spa":31,"spd":31,"spe":31},"level":100,"moves":["dragondance","waterfall","powerwhip","earthquake"],"name":"Gyarados","nature":"Jolly","species":"Gyarados"},{"ability":"punkrock","evs":{"atk":0,"def":0,"hp":4,"spa":252,"spd":0,"spe":252},"happiness":160,"item":"choicespecs","ivs":{"atk":0,"def":31,"hp":31,"spa":31,"spd":31,"spe":31},"level":100,"moves":["boomburst","overdrive","sludgewave","voltswitch"],"name":"Toxtricity","nature":"Timid","species":"Toxtricity"},{"ability":"blaze","evs":{"atk":252,"def":0,"hp":4,"spa":0,"spd":0,"spe":252},"happiness":160,"item":"heavydutyboots","ivs":{"atk":31,"def":31,"hp":31,"spa":31,"spd":31,"spe":31},"level":100,"moves":["pyroball","gunkshot","uturn","courtchange"],"name":"Cinderace","nature":"","species":"Cinderace"},{"ability":"prankster","evs":{"atk":252,"def":0,"hp":92,"spa":0,"spd":0,"spe":164},"gender":"M","happiness":160,"item":"lightclay","ivs":{"atk":31,"def":31,"hp":31,"spa":31,"spd":31,"spe":31},"level":100,"moves":["spiritbreak","reflect","lightscreen","taunt"],"name":"Grimmsnarl","nature":"Adamant","species":"Grimmsnarl"},{"ability":"magicbounce","evs":{"atk":0,"def":0,"hp":252,"spa":252,"spd":4,"spe":0},"gender":"F","happiness":160,"item":"leftovers","ivs":{"atk":0,"def":31,"hp":31,"spa":31,"spd":31,"spe":0},"level":100,"moves":["psychic","dazzlinggleam","mysticalfire","trickroom"],"name":"Hatterene","nature":"Quiet","species":"Hatterene"},{"ability":"guts","evs":{"atk":252,"def":0,"hp":236,"spa":0,"spd":0,"spe":20},"happiness":160,"item":"flameorb","ivs":{"atk":31,"def":31,"hp":31,"spa":31,"spd":31,"spe":31},"level":100,"moves":["drainpunch","machpunch","earthquake","defog"],"name":"Conkeldurr","nature":"Adamant","species":"Conkeldurr"}],"roomid":1017787,"score":[1,4],"seed":[13713,29180,23973,39125],"timestamp":"Sat Dec 28 2019 15:XX","turns":19,"winner":"3678","rated_battle":true,"average_rating":1391}