{"endType":"normal","format":"gen8ou","inputLog":[">version aa9f8c6b9cf4eca780a1296832ecd3b0009641e0",">version-origin 5e8529faaa5905c5f8e15eafaaefa806ee8c7d06",">start {\"formatid\":\"gen8ou\",\"seed\":[54075,61527,45875,36846],\"rated\":\"Rated battle\"}",">player p1 {\"\"name\":\"25993\",\"rating\":1274}",">player p2 {\"\"name\":\"3489\",\"rating\":1261}",">p1 team 1, 2, 3, 4, 5, 6",">p2 team 6, 2, 3, 4, 5, 1",">p1 move earthquake",">p2 move earthquake",">p1 move earthquake",">p2 switch 6",">p1 move rapidspin",">p2 move willowisp",">p1 move earthquake",">p2 move painsplit",">p2 switch 3",">p1 move stealthrock",">p2 move shadowsneak",">p1 switch 4",">p1 move thunderwave",">p2 move swordsdance",">p1 move airslash",">p2 move shadowclaw",">p1 move airslash",">p2 move shadowclaw",">p1 move airslash",">p2 move shadowclaw",">p1 move airslash",">p2 move shadowclaw",">p1 move wish",">p2 move shadowsneak",">p1 move airslash",">p2 move shadowsneak",">p1 switch 2",">p1 move liquidation",">p2 move shadowsneak",">p2 switch 2",">p1 move liquidation",">p2 move thunderbolt",">p1 switch 5",">p1 move pyroball",">p2 move thunderbolt",">p2 switch 6",">p1 move highjumpkick",">p2 move earthquake",">p2 switch 5",">p1 switch 6",">p2 move earthquake",">p1 move strengthsap",">p2 switch 4",">p1 move willowisp",">p2 move moonblast",">p1 move nightshade",">p2 move aromatherapy",">p1 move strengthsap",">p2 move moonblast",">p1 switch 6",">p2 move protect",">p1 move pyroball",">p2 move moonblast",">p1 move pyroball",">p2 move moonblast",">p1 move pyroball",">p2 move protect",">p1 move pyroball",">p2 move moonblast",">p2 switch 4",">p1 move pyroball",">p2 move rapidspin",">p1 switch 3",">p1 move darkpulse",">p2 move ironhead"],"log":["|j|\u260625993","|j|\u26063489","|player|p1|25993|winona|1274","|player|p2|3489|caitlin|1261","|teamsize|p1|6","|teamsize|p2|6","|gametype|singles","|gen|8","|tier|[Gen 8] OU","|rated|","|rule|Sleep Clause Mod: Limit one foe put to sleep","|rule|Species Clause: Limit one of each Pok\u00e9mon","|rule|OHKO Clause: OHKO moves are banned","|rule|Evasion Moves Clause: Evasion moves are banned","|rule|Endless Battle Clause: Forcing endless battles is banned","|rule|HP Percentage Mod: HP is shown in percentages","|clearpoke","|poke|p1|Excadrill, F|","|poke|p1|Barraskewda, M|","|poke|p1|Hydreigon, F|","|poke|p1|Togekiss, M|","|poke|p1|Cinderace, M|","|poke|p1|Corsola-Galar, M|","|poke|p2|Weezing-Galar, M|","|poke|p2|Clefable, F|","|poke|p2|Mimikyu, F|","|poke|p2|Aromatisse, F|","|poke|p2|Excadrill, M|","|poke|p2|Tyranitar, M|","|rule|Dynamax Clause: You cannot dynamax","|teampreview","|","|start","|switch|p1a: Excadrill|Excadrill, F|397\/397","|switch|p2a: Tyranitar|Tyranitar, M|404\/404","|-ability|p1a: Excadrill|Mold Breaker","|-weather|Sandstorm|[from] ability: Sand Stream|[of] p2a: Tyranitar","|turn|1","|","|move|p1a: Excadrill|Earthquake|p2a: Tyranitar","|-supereffective|p2a: Tyranitar","|-damage|p2a: Tyranitar|134\/404","|move|p2a: Tyranitar|Earthquake|p1a: Excadrill","|-supereffective|p1a: Excadrill","|-damage|p1a: Excadrill|115\/397","|","|-weather|Sandstorm|[upkeep]","|-heal|p2a: Tyranitar|159\/404|[from] item: Leftovers","|upkeep","|turn|2","|","|switch|p2a: Weezing|Weezing-Galar, M|334\/334","|move|p1a: Excadrill|Earthquake|p2a: Weezing","|-supereffective|p2a: Weezing","|-damage|p2a: Weezing|94\/334","|","|-weather|Sandstorm|[upkeep]","|-damage|p2a: Weezing|74\/334|[from] Sandstorm","|upkeep","|turn|3","|","|move|p1a: Excadrill|Rapid Spin|p2a: Weezing","|-damage|p2a: Weezing|38\/334","|-damage|p1a: Excadrill|49\/397|[from] item: Rocky Helmet|[of] p2a: Weezing","|-boost|p1a: Excadrill|spe|1","|move|p2a: Weezing|Will-O-Wisp|p1a: Excadrill","|-status|p1a: Excadrill|brn","|","|-weather|Sandstorm|[upkeep]","|-damage|p2a: Weezing|18\/334|[from] Sandstorm","|-damage|p1a: Excadrill|25\/397 brn|[from] brn","|upkeep","|turn|4","|","|move|p1a: Excadrill|Earthquake|p2a: Weezing","|-supereffective|p2a: Weezing","|-damage|p2a: Weezing|0 fnt","|faint|p2a: Weezing","|","|-weather|Sandstorm|[upkeep]","|-damage|p1a: Excadrill|1\/397 brn|[from] brn","|upkeep","|","|switch|p2a: Mimikyu|Mimikyu, F|314\/314","|turn|5","|","|move|p2a: Mimikyu|Shadow Sneak|p1a: Excadrill","|-damage|p1a: Excadrill|0 fnt","|faint|p1a: Excadrill","|","|-weather|none","|upkeep","|","|switch|p1a: Togekiss|Togekiss, M|374\/374","|turn|6","|","|move|p2a: Mimikyu|Swords Dance|p2a: Mimikyu","|-boost|p2a: Mimikyu|atk|2","|move|p1a: Togekiss|Thunder Wave|p2a: Mimikyu","|-status|p2a: Mimikyu|par","|","|upkeep","|turn|7","|","|move|p1a: Togekiss|Air Slash|p2a: Mimikyu","|-activate|p2a: Mimikyu|ability: Disguise","|-damage|p2a: Mimikyu|314\/314 par","|detailschange|p2a: Mimikyu|Mimikyu-Busted, F","|-damage|p2a: Mimikyu|275\/314 par|[from] ability: Disguise|[of] p2a: Mimikyu","|cant|p2a: Mimikyu|par","|","|upkeep","|turn|8","|","|move|p1a: Togekiss|Air Slash|p2a: Mimikyu","|-damage|p2a: Mimikyu|169\/314 par","|cant|p2a: Mimikyu|par","|","|upkeep","|turn|9","|","|move|p1a: Togekiss|Air Slash|p2a: Mimikyu","|-damage|p2a: Mimikyu|72\/314 par","|cant|p2a: Mimikyu|flinch","|","|upkeep","|turn|10","|","|move|p1a: Togekiss|Air Slash|p2a: Mimikyu|[miss]","|-miss|p1a: Togekiss|p2a: Mimikyu","|move|p2a: Mimikyu|Shadow Claw|p1a: Togekiss","|-damage|p1a: Togekiss|130\/374","|","|-heal|p1a: Togekiss|153\/374|[from] item: Leftovers","|upkeep","|turn|11","|","|cant|p2a: Mimikyu|par","|move|p1a: Togekiss|Wish|p1a: Togekiss","|","|-heal|p1a: Togekiss|176\/374|[from] item: Leftovers","|upkeep","|turn|12","|","|move|p2a: Mimikyu|Shadow Sneak|p1a: Togekiss","|-crit|p1a: Togekiss","|-damage|p1a: Togekiss|0 fnt","|faint|p1a: Togekiss","|","|upkeep","|","|switch|p1a: Barraskewda|Barraskewda, M|263\/263","|turn|13","|","|move|p2a: Mimikyu|Shadow Sneak|p1a: Barraskewda","|-damage|p1a: Barraskewda|41\/263","|move|p1a: Barraskewda|Liquidation|p2a: Mimikyu","|-damage|p2a: Mimikyu|0 fnt","|-damage|p1a: Barraskewda|15\/263|[from] item: Life Orb","|faint|p2a: Mimikyu","|","|upkeep","|","|switch|p2a: Clefable|Clefable, F|394\/394","|turn|14","|","|move|p1a: Barraskewda|Liquidation|p2a: Clefable","|-damage|p2a: Clefable|159\/394","|-damage|p1a: Barraskewda|0 fnt|[from] item: Life Orb","|faint|p1a: Barraskewda","|move|p2a: Clefable|Thunderbolt|p1: Barraskewda|[notarget]","|-fail|p2a: Clefable","|","|upkeep","|","|switch|p1a: Cinderace|Cinderace, M|301\/301","|turn|15","|","|move|p1a: Cinderace|Pyro Ball|p2a: Clefable","|-damage|p2a: Clefable|0 fnt","|-damage|p1a: Cinderace|271\/301|[from] item: Life Orb","|faint|p2a: Clefable","|","|upkeep","|","|switch|p2a: Tyranitar|Tyranitar, M|159\/404","|-weather|Sandstorm|[from] ability: Sand Stream|[of] p2a: Tyranitar","|turn|16","|","|move|p1a: Cinderace|High Jump Kick|p2a: Tyranitar","|-supereffective|p2a: Tyranitar","|-damage|p2a: Tyranitar|0 fnt","|-damage|p1a: Cinderace|241\/301|[from] item: Life Orb","|faint|p2a: Tyranitar","|","|-weather|Sandstorm|[upkeep]","|-damage|p1a: Cinderace|223\/301|[from] Sandstorm","|upkeep","|","|switch|p2a: Excadrill|Excadrill, M|361\/361","|turn|17","|","|switch|p1a: Corsola|Corsola-Galar, M|324\/324","|move|p2a: Excadrill|Earthquake|p1a: Corsola","|-damage|p1a: Corsola|200\/324","|-start|p2a: Excadrill|Disable|Earthquake|[from] ability: Cursed Body|[of] p1a: Corsola","|","|-weather|Sandstorm|[upkeep]","|-damage|p1a: Corsola|180\/324|[from] Sandstorm","|upkeep","|turn|18","|","|switch|p2a: Aromatisse|Aromatisse, F|406\/406","|move|p1a: Corsola|Strength Sap|p2a: Aromatisse","|-unboost|p2a: Aromatisse|atk|1","|-heal|p1a: Corsola|314\/324","|","|-weather|Sandstorm|[upkeep]","|-damage|p1a: Corsola|294\/324|[from] Sandstorm","|-damage|p2a: Aromatisse|381\/406|[from] Sandstorm","|-heal|p2a: Aromatisse|406\/406|[from] item: Leftovers","|upkeep","|turn|19","|","|move|p1a: Corsola|Will-O-Wisp|p2a: Aromatisse","|-status|p2a: Aromatisse|brn","|move|p2a: Aromatisse|Moonblast|p1a: Corsola","|-damage|p1a: Corsola|225\/324","|-unboost|p1a: Corsola|spa|1","|","|-weather|Sandstorm|[upkeep]","|-damage|p1a: Corsola|205\/324|[from] Sandstorm","|-damage|p2a: Aromatisse|381\/406 brn|[from] Sandstorm","|-heal|p2a: Aromatisse|406\/406 brn|[from] item: Leftovers","|-damage|p2a: Aromatisse|381\/406 brn|[from] brn","|upkeep","|turn|20","|","|move|p1a: Corsola|Night Shade|p2a: Aromatisse","|-damage|p2a: Aromatisse|281\/406 brn","|move|p2a: Aromatisse|Aromatherapy|p2a: Aromatisse","|-activate|p2a: Aromatisse|move: Aromatherapy","|-curestatus|p2a: Aromatisse|brn|[msg]","|","|-weather|none","|-heal|p2a: Aromatisse|306\/406|[from] item: Leftovers","|upkeep","|turn|21","|","|move|p1a: Corsola|Strength Sap|p2a: Aromatisse","|-unboost|p2a: Aromatisse|atk|1","|-heal|p1a: Corsola|294\/324","|move|p2a: Aromatisse|Moonblast|p1a: Corsola","|-damage|p1a: Corsola|216\/324","|","|-heal|p2a: Aromatisse|331\/406|[from] item: Leftovers","|upkeep","|turn|22","|","|switch|p1a: Cinderace|Cinderace, M|223\/301","|move|p2a: Aromatisse|Protect||[still]","|-fail|p2a: Aromatisse","|","|-heal|p2a: Aromatisse|356\/406|[from] item: Leftovers","|upkeep","|turn|23","|","|move|p1a: Cinderace|Pyro Ball|p2a: Aromatisse|[miss]","|-miss|p1a: Cinderace|p2a: Aromatisse","|move|p2a: Aromatisse|Moonblast|p1a: Cinderace","|-resisted|p1a: Cinderace","|-damage|p1a: Cinderace|151\/301","|","|-heal|p2a: Aromatisse|381\/406|[from] item: Leftovers","|upkeep","|turn|24","|","|move|p1a: Cinderace|Pyro Ball|p2a: Aromatisse","|-damage|p2a: Aromatisse|115\/406","|-damage|p1a: Cinderace|121\/301|[from] item: Life Orb","|move|p2a: Aromatisse|Moonblast|p1a: Cinderace","|-resisted|p1a: Cinderace","|-damage|p1a: Cinderace|56\/301","|-unboost|p1a: Cinderace|spa|1","|","|-heal|p2a: Aromatisse|140\/406|[from] item: Leftovers","|upkeep","|turn|25","|","|move|p2a: Aromatisse|Protect|p2a: Aromatisse","|-singleturn|p2a: Aromatisse|Protect","|move|p1a: Cinderace|Pyro Ball|p2a: Aromatisse","|-activate|p2a: Aromatisse|move: Protect","|","|-heal|p2a: Aromatisse|165\/406|[from] item: Leftovers","|upkeep","|turn|26","|","|move|p1a: Cinderace|Pyro Ball|p2a: Aromatisse","|-damage|p2a: Aromatisse|0 fnt","|-damage|p1a: Cinderace|26\/301|[from] item: Life Orb","|faint|p2a: Aromatisse","|","|upkeep","|","|switch|p2a: Excadrill|Excadrill, M|361\/361","|turn|27","|","|move|p1a: Cinderace|Pyro Ball|p2a: Excadrill","|-supereffective|p2a: Excadrill","|-enditem|p2a: Excadrill|Focus Sash","|-damage|p2a: Excadrill|1\/361","|-damage|p1a: Cinderace|0 fnt|[from] item: Life Orb","|faint|p1a: Cinderace","|move|p2a: Excadrill|Rapid Spin|p1: Cinderace|[notarget]","|-fail|p2a: Excadrill","|","|upkeep","|","|switch|p1a: Hydreigon|Hydreigon, F|325\/325","|turn|28","|","|move|p1a: Hydreigon|Dark Pulse|p2a: Excadrill","|-damage|p2a: Excadrill|0 fnt","|faint|p2a: Excadrill","|","|win|25993","|l|\u26063489","|l|\u260625993","|raw|25993's rating: 1274 &rarr; <strong>1298<\/strong><br \/>(+24 for winning)","|raw|3489's rating: 1261 &rarr; <strong>1237<\/strong><br \/>(-24 for losing)",""],"p1":"25993","p1rating":1274,"p1team":[{"ability":"moldbreaker","evs":{"atk":172,"def":0,"hp":144,"spa":0,"spd":0,"spe":192},"happiness":160,"item":"focussash","ivs":{"atk":31,"def":31,"hp":31,"spa":31,"spd":31,"spe":31},"level":100,"moves":["stealthrock","rapidspin","earthquake","ironhead"],"name":"Excadrill","nature":"Jolly","species":"Excadrill"},{"ability":"propellertail","evs":{"atk":252,"def":0,"hp":0,"spa":0,"spd":4,"spe":252},"happiness":160,"item":"lifeorb","ivs":{"atk":31,"def":31,"hp":31,"spa":31,"spd":31,"spe":31},"level":100,"moves":["liquidation","closecombat","psychicfangs","crunch"],"name":"Barraskewda","nature":"Jolly","species":"Barraskewda"},{"ability":"levitate","evs":{"atk":0,"def":0,"hp":0,"spa":252,"spd":4,"spe":252},"happiness":160,"item":"choicescarf","ivs":{"atk":31,"def":31,"hp":31,"spa":31,"spd":31,"spe":31},"level":100,"moves":["darkpulse","dracometeor","flamethrower","uturn"],"name":"Hydreigon","nature":"Timid","species":"Hydreigon"},{"ability":"serenegrace","evs":{"atk":0,"def":88,"hp":252,"spa":0,"spd":168,"spe":0},"happiness":160,"item":"leftovers","ivs":{"atk":0,"def":31,"hp":31,"spa":31,"spd":31,"spe":31},"level":100,"moves":["wish","airslash","protect","thunderwave"],"name":"Togekiss","nature":"Calm","species":"Togekiss"},{"ability":"blaze","evs":{"atk":212,"def":44,"hp":0,"spa":0,"spd":0,"spe":252},"happiness":160,"item":"lifeorb","ivs":{"atk":31,"def":31,"hp":31,"spa":31,"spd":31,"spe":31},"level":100,"moves":["pyroball","highjumpkick","zenheadbutt","suckerpunch"],"name":"Cinderace","nature":"Jolly","species":"Cinderace"},{"ability":"cursedbody","evs":{"atk":0,"def":224,"hp":252,"spa":0,"spd":32,"spe":0},"happiness":160,"item":"eviolite","ivs":{"atk":0,"def":31,"hp":31,"spa":31,"spd":31,"spe":31},"level":100,"moves":["nightshade","strengthsap","willowisp","haze"],"name":"Corsola","nature":"Bold","species":"corsolagalar"}],"p2":"3489","p2rating":1261,"p2team":[{"ability":"levitate","evs":{"atk":0,"def":252,"hp":252,"spa":0,"spd":4,"spe":0},"gender":"M","happiness":160,"item":"rockyhelmet","ivs":{"atk":0,"def":31,"hp":31,"spa":31,"spd":31,"spe":31},"level":100,"moves":["painsplit","willowisp","sludgebomb","flamethrower"],"name":"Weezing","nature":"Relaxed","species":"weezinggalar"},{"ability":"magicguard","evs":{"atk":0,"def":4,"hp":252,"spa":252,"spd":0,"spe":0},"gender":"F","happiness":160,"item":"lifeorb","ivs":{"atk":0,"def":31,"hp":31,"spa":31,"spd":31,"spe":31},"level":100,"moves":["moonlight","thunderbolt","fireblast","moonblast"],"name":"Clefable","nature":"Modest","species":"Clefable"},{"ability":"disguise","evs":{"atk":252,"def":0,"hp":252,"spa":0,"spd":0,"spe":4},"gender":"F","happiness":160,"item":"spookyplate","ivs":{"atk":31,"def":31,"hp":31,"spa":31,"spd":31,"spe":31},"level":100,"moves":["shadowclaw","shadowsneak","drainpunch","swordsdance"],"name":"Mimikyu","nature":"Adamant","species":"Mimikyu"},{"ability":"aromaveil","evs":{"atk":0,"def":120,"hp":252,"spa":0,"spd":136,"spe":0},"gender":"F","happiness":160,"item":"leftovers","ivs":{"atk":0,"def":31,"hp":31,"spa":31,"spd":31,"spe":31},"level":100,"moves":["moonblast","aromatherapy","wish","protect"],"name":"Aromatisse","nature":"Bold","species":"Aromatisse"},{"ability":"sandforce","evs":{"atk":252,"def":4,"hp":0,"spa":0,"spd":0,"spe":252},"gender":"M","happiness":160,"item":"focussash","ivs":{"atk":31,"def":31,"hp":31,"spa":31,"spd":31,"spe":31},"level":100,"moves":["earthquake","ironhead","rapidspin","swordsdance"],"name":"Excadrill","nature":"Jolly","species":"Excadrill"},{"ability":"sandstream","evs":{"atk":0,"def":128,"hp":252,"spa":0,"spd":128,"spe":0},"gender":"M","happiness":160,"item":"leftovers","ivs":{"atk":31,"def":31,"hp":31,"spa":31,"spd":31,"spe":31},"level":100,"moves":["earthquake","stoneedge","crunch","stealthrock"],"name":"Tyranitar","nature":"Careful","species":"Tyranitar"}],"roomid":1021419,"score":[2,0],"seed":[54075,61527,45875,36846],"timestamp":"Sat Dec 28 2019 17:XX","turns":28,"winner":"25993","rated_battle":true,"average_rating":1267}