{"endType":"forfeit","format":"gen8ou","inputLog":[">version aa9f8c6b9cf4eca780a1296832ecd3b0009641e0",">version-origin 5e8529faaa5905c5f8e15eafaaefa806ee8c7d06",">start {\"formatid\":\"gen8ou\",\"seed\":[64455,16313,38360,2578],\"rated\":\"Rated battle\"}",">player p1 {\"\"name\":\"5261\",\"rating\":1560}",">player p2 {\"\"name\":\"3675\",\"rating\":1481}",">p1 team 5, 2, 3, 4, 1, 6",">p2 team 1, 2, 3, 4, 5, 6",">p1 move uturn",">p2 switch 4",">p1 switch 6",">p1 switch 3",">p2 switch 2",">p1 move toxic",">p2 move scald",">p1 switch 4",">p2 move scald",">p1 switch 3",">p2 switch 2",">p1 move ironhead",">p2 switch 2",">p1 switch 6",">p2 move scald",">p1 move darkpulse",">p2 move toxic",">p1 switch 6",">p2 switch 3",">p1 move swordsdance",">p2 move leechseed",">p1 move lowkick",">p2 switch 4",">p1 move suckerpunch",">p2 move stealthrock",">p1 move suckerpunch",">p2 move suckerpunch",">p1 move suckerpunch",">p2 move earthquake",">p2 switch 5",">p1 move ironhead",">p2 move voltswitch",">p2 switch 6",">p1 switch 6",">p1 move fireblast",">p2 move iciclecrash",">p2 switch 2",">p1 move fireblast",">p2 move calmmind",">p1 switch 3",">p2 move calmmind",">p1 move nightshade",">p2 move drainingkiss",">p1 move nightshade",">p2 move drainingkiss",">p1 switch 4",">p1 move substitute",">p2 move psychic",">p1 move venoshock",">p2 move drainingkiss",">p1 switch 2",">p1 move sludgewave",">p2 move psychic",">p1 switch 5",">p1 move bravebird",">p2 move drainingkiss",">p2 switch 6",">p1 switch 3",">p2 move voltswitch",">p2 switch 3",">p1 move dracometeor",">p2 move recover",">p1 move dracometeor",">p2 switch 3",">p1 switch 3",">p1 move substitute",">p2 move trick",">p1 move substitute",">p2 move voltswitch",">p2 switch 4"],"log":["|j|\u26065261","|j|\u26063675","|player|p1|5261|boarder|1560","|player|p2|3675|170|1481","|teamsize|p1|6","|teamsize|p2|6","|gametype|singles","|gen|8","|tier|[Gen 8] OU","|rated|","|rule|Sleep Clause Mod: Limit one foe put to sleep","|rule|Species Clause: Limit one of each Pok\u00e9mon","|rule|OHKO Clause: OHKO moves are banned","|rule|Evasion Moves Clause: Evasion moves are banned","|rule|Endless Battle Clause: Forcing endless battles is banned","|rule|HP Percentage Mod: HP is shown in percentages","|clearpoke","|poke|p1|Hawlucha, M|","|poke|p1|Toxtricity-Low-Key, F|","|poke|p1|Salazzle, F|","|poke|p1|Corsola-Galar, M|","|poke|p1|Hydreigon, F|","|poke|p1|Bisharp, M|","|poke|p2|Dugtrio, M|","|poke|p2|Toxapex, M|","|poke|p2|Ferrothorn, M|","|poke|p2|Hatterene, F|","|poke|p2|Rotom-Heat|","|poke|p2|Darmanitan-Galar, F|","|rule|Dynamax Clause: You cannot dynamax","|teampreview","|","|start","|switch|p1a: Hydreigon|Hydreigon, F|325\/325","|switch|p2a: Dugtrio|Dugtrio, M|211\/211","|turn|1","|","|switch|p2a: Hatterene|Hatterene, F, shiny|318\/318","|move|p1a: Hydreigon|U-turn|p2a: Hatterene","|-damage|p2a: Hatterene|279\/318","|","|switch|p1a: Bisharp|Bisharp, M, shiny|271\/271","|","|-heal|p2a: Hatterene|298\/318|[from] item: Leftovers","|upkeep","|turn|2","|","|switch|p1a: Salazzle|Salazzle, F|339\/339","|switch|p2a: Toxapex|Toxapex, M|304\/304","|","|upkeep","|turn|3","|","|move|p1a: Salazzle|Toxic|p2a: Toxapex","|-status|p2a: Toxapex|tox","|move|p2a: Toxapex|Scald|p1a: Salazzle","|-supereffective|p1a: Salazzle","|-damage|p1a: Salazzle|169\/339","|","|-heal|p1a: Salazzle|190\/339|[from] item: Black Sludge","|-damage|p2a: Toxapex|285\/304 tox|[from] psn","|upkeep","|turn|4","|","|switch|p1a: Corsola|Corsola-Galar, M|324\/324","|move|p2a: Toxapex|Scald|p1a: Corsola","|-damage|p1a: Corsola|284\/324","|-status|p1a: Corsola|brn","|","|-heal|p2a: Toxapex|304\/304 tox|[from] item: Black Sludge","|-damage|p2a: Toxapex|266\/304 tox|[from] psn","|-damage|p1a: Corsola|264\/324 brn|[from] brn","|upkeep","|turn|5","|","|switch|p2a: Hatterene|Hatterene, F, shiny|298\/318","|switch|p1a: Bisharp|Bisharp, M, shiny|271\/271","|","|-heal|p2a: Hatterene|317\/318|[from] item: Leftovers","|upkeep","|turn|6","|","|switch|p2a: Toxapex|Toxapex, M|304\/304 tox","|move|p1a: Bisharp|Iron Head|p2a: Toxapex","|-resisted|p2a: Toxapex","|-damage|p2a: Toxapex|251\/304 tox","|-damage|p1a: Bisharp|244\/271|[from] item: Life Orb","|","|-heal|p2a: Toxapex|270\/304 tox|[from] item: Black Sludge","|-damage|p2a: Toxapex|251\/304 tox|[from] psn","|upkeep","|turn|7","|","|switch|p1a: Hydreigon|Hydreigon, F|325\/325","|move|p2a: Toxapex|Scald|p1a: Hydreigon","|-resisted|p1a: Hydreigon","|-damage|p1a: Hydreigon|295\/325","|","|-heal|p2a: Toxapex|270\/304 tox|[from] item: Black Sludge","|-damage|p2a: Toxapex|232\/304 tox|[from] psn","|upkeep","|turn|8","|","|move|p1a: Hydreigon|Dark Pulse|p2a: Toxapex","|-damage|p2a: Toxapex|124\/304 tox","|move|p2a: Toxapex|Toxic|p1a: Hydreigon","|-status|p1a: Hydreigon|tox","|","|-heal|p2a: Toxapex|143\/304 tox|[from] item: Black Sludge","|-damage|p1a: Hydreigon|275\/325 tox|[from] psn","|-damage|p2a: Toxapex|86\/304 tox|[from] psn","|upkeep","|turn|9","|","|switch|p1a: Bisharp|Bisharp, M, shiny|244\/271","|switch|p2a: Ferrothorn|Ferrothorn, M|352\/352","|","|upkeep","|turn|10","|","|move|p1a: Bisharp|Swords Dance|p1a: Bisharp","|-boost|p1a: Bisharp|atk|2","|move|p2a: Ferrothorn|Leech Seed|p1a: Bisharp","|-start|p1a: Bisharp|move: Leech Seed","|","|-damage|p1a: Bisharp|211\/271|[from] Leech Seed|[of] p2a: Ferrothorn","|upkeep","|turn|11","|","|switch|p2a: Dugtrio|Dugtrio, M|211\/211","|move|p1a: Bisharp|Low Kick|p2a: Dugtrio","|-enditem|p2a: Dugtrio|Focus Sash","|-damage|p2a: Dugtrio|1\/211","|-damage|p1a: Bisharp|184\/271|[from] item: Life Orb","|","|-damage|p1a: Bisharp|151\/271|[from] Leech Seed|[of] p2a: Dugtrio","|-heal|p2a: Dugtrio|34\/211|[silent]","|upkeep","|turn|12","|","|move|p1a: Bisharp|Sucker Punch||[still]","|-fail|p1a: Bisharp","|move|p2a: Dugtrio|Stealth Rock|p1a: Bisharp","|-sidestart5261|move: Stealth Rock","|","|-damage|p1a: Bisharp|118\/271|[from] Leech Seed|[of] p2a: Dugtrio","|-heal|p2a: Dugtrio|67\/211|[silent]","|upkeep","|turn|13","|","|move|p2a: Dugtrio|Sucker Punch|p1a: Bisharp","|-resisted|p1a: Bisharp","|-damage|p1a: Bisharp|80\/271","|move|p1a: Bisharp|Sucker Punch||[still]","|-fail|p1a: Bisharp","|","|-damage|p1a: Bisharp|47\/271|[from] Leech Seed|[of] p2a: Dugtrio","|-heal|p2a: Dugtrio|100\/211|[silent]","|upkeep","|turn|14","|","|move|p1a: Bisharp|Sucker Punch|p2a: Dugtrio","|-damage|p2a: Dugtrio|0 fnt","|-damage|p1a: Bisharp|20\/271|[from] item: Life Orb","|faint|p2a: Dugtrio","|","|upkeep","|","|switch|p2a: Rotom|Rotom-Heat|241\/241","|turn|15","|","|move|p2a: Rotom|Volt Switch|p1a: Bisharp","|-crit|p1a: Bisharp","|-damage|p1a: Bisharp|0 fnt","|faint|p1a: Bisharp","|","|switch|p2a: Darmanitan|Darmanitan-Galar, F|351\/351","|","|upkeep","|","|switch|p1a: Hydreigon|Hydreigon, F|275\/325 tox","|-damage|p1a: Hydreigon|235\/325 tox|[from] Stealth Rock","|turn|16","|","|move|p1a: Hydreigon|Fire Blast|p2a: Darmanitan","|-supereffective|p2a: Darmanitan","|-damage|p2a: Darmanitan|0 fnt","|faint|p2a: Darmanitan","|","|-damage|p1a: Hydreigon|215\/325 tox|[from] psn","|upkeep","|","|switch|p2a: Hatterene|Hatterene, F, shiny|317\/318","|turn|17","|","|move|p1a: Hydreigon|Fire Blast|p2a: Hatterene","|-damage|p2a: Hatterene|185\/318","|move|p2a: Hatterene|Calm Mind|p2a: Hatterene","|-boost|p2a: Hatterene|spa|1","|-boost|p2a: Hatterene|spd|1","|","|-heal|p2a: Hatterene|204\/318|[from] item: Leftovers","|-damage|p1a: Hydreigon|175\/325 tox|[from] psn","|upkeep","|turn|18","|","|switch|p1a: Corsola|Corsola-Galar, M|264\/324 brn","|-damage|p1a: Corsola|224\/324 brn|[from] Stealth Rock","|move|p2a: Hatterene|Calm Mind|p2a: Hatterene","|-boost|p2a: Hatterene|spa|1","|-boost|p2a: Hatterene|spd|1","|","|-heal|p2a: Hatterene|223\/318|[from] item: Leftovers","|-damage|p1a: Corsola|204\/324 brn|[from] brn","|upkeep","|turn|19","|","|move|p1a: Corsola|Night Shade|p2a: Hatterene","|-damage|p2a: Hatterene|123\/318","|move|p2a: Hatterene|Draining Kiss|p1a: Corsola","|-damage|p1a: Corsola|104\/324 brn","|-heal|p2a: Hatterene|198\/318|[from] drain|[of] p1a: Corsola","|","|-heal|p2a: Hatterene|217\/318|[from] item: Leftovers","|-damage|p1a: Corsola|84\/324 brn|[from] brn","|upkeep","|turn|20","|","|move|p1a: Corsola|Night Shade|p2a: Hatterene","|-damage|p2a: Hatterene|117\/318","|move|p2a: Hatterene|Draining Kiss|p1a: Corsola","|-damage|p1a: Corsola|0 fnt","|-heal|p2a: Hatterene|180\/318|[from] drain|[of] p1a: Corsola","|faint|p1a: Corsola","|","|-heal|p2a: Hatterene|199\/318|[from] item: Leftovers","|upkeep","|","|switch|p1a: Salazzle|Salazzle, F|190\/339","|-damage|p1a: Salazzle|106\/339|[from] Stealth Rock","|turn|21","|","|move|p1a: Salazzle|Substitute|p1a: Salazzle","|-start|p1a: Salazzle|Substitute","|-damage|p1a: Salazzle|22\/339","|move|p2a: Hatterene|Psychic|p1a: Salazzle","|-supereffective|p1a: Salazzle","|-end|p1a: Salazzle|Substitute","|","|-heal|p1a: Salazzle|43\/339|[from] item: Black Sludge","|-heal|p2a: Hatterene|218\/318|[from] item: Leftovers","|upkeep","|turn|22","|","|move|p1a: Salazzle|Venoshock|p2a: Hatterene","|-supereffective|p2a: Hatterene","|-damage|p2a: Hatterene|140\/318","|move|p2a: Hatterene|Draining Kiss|p1a: Salazzle","|-resisted|p1a: Salazzle","|-damage|p1a: Salazzle|0 fnt","|-heal|p2a: Hatterene|172\/318|[from] drain|[of] p1a: Salazzle","|faint|p1a: Salazzle","|","|-heal|p2a: Hatterene|191\/318|[from] item: Leftovers","|upkeep","|","|switch|p1a: Toxtricity|Toxtricity-Low-Key, F|354\/354","|-damage|p1a: Toxtricity|310\/354|[from] Stealth Rock","|turn|23","|","|move|p1a: Toxtricity|Sludge Wave|p2a: Hatterene","|-supereffective|p2a: Hatterene","|-damage|p2a: Hatterene|35\/318","|move|p2a: Hatterene|Psychic|p1a: Toxtricity","|-supereffective|p1a: Toxtricity","|-damage|p1a: Toxtricity|0 fnt","|faint|p1a: Toxtricity","|","|-heal|p2a: Hatterene|54\/318|[from] item: Leftovers","|upkeep","|","|switch|p1a: Hawlucha|Hawlucha, M|304\/304","|-damage|p1a: Hawlucha|266\/304|[from] Stealth Rock","|turn|24","|","|move|p1a: Hawlucha|Brave Bird|p2a: Hatterene","|-damage|p2a: Hatterene|0 fnt","|-damage|p1a: Hawlucha|248\/304|[from] Recoil","|faint|p2a: Hatterene","|","|upkeep","|","|switch|p2a: Rotom|Rotom-Heat|241\/241","|turn|25","|","|switch|p1a: Hydreigon|Hydreigon, F|175\/325 tox","|-damage|p1a: Hydreigon|135\/325 tox|[from] Stealth Rock","|move|p2a: Rotom|Volt Switch|p1a: Hydreigon","|-resisted|p1a: Hydreigon","|-damage|p1a: Hydreigon|72\/325 tox","|","|switch|p2a: Toxapex|Toxapex, M|187\/304 tox","|","|-heal|p2a: Toxapex|206\/304 tox|[from] item: Black Sludge","|-damage|p1a: Hydreigon|52\/325 tox|[from] psn","|-damage|p2a: Toxapex|187\/304 tox|[from] psn","|upkeep","|turn|26","|","|move|p1a: Hydreigon|Draco Meteor|p2a: Toxapex","|-damage|p2a: Toxapex|28\/304 tox","|-unboost|p1a: Hydreigon|spa|2","|move|p2a: Toxapex|Recover|p2a: Toxapex","|-heal|p2a: Toxapex|180\/304 tox","|","|-heal|p2a: Toxapex|199\/304 tox|[from] item: Black Sludge","|-damage|p1a: Hydreigon|12\/325 tox|[from] psn","|-damage|p2a: Toxapex|161\/304 tox|[from] psn","|upkeep","|turn|27","|","|switch|p2a: Rotom|Rotom-Heat|241\/241","|move|p1a: Hydreigon|Draco Meteor|p2a: Rotom|[miss]","|-miss|p1a: Hydreigon|p2a: Rotom","|","|-damage|p1a: Hydreigon|0 fnt|[from] psn","|faint|p1a: Hydreigon","|upkeep","|","|switch|p1a: Hawlucha|Hawlucha, M|248\/304","|-damage|p1a: Hawlucha|210\/304|[from] Stealth Rock","|turn|28","|","|move|p2a: Rotom|Trick|p1a: Hawlucha","|-activate|p2a: Rotom|move: Trick|[of] p1a: Hawlucha","|-item|p1a: Hawlucha|Choice Scarf|[from] move: Trick","|-item|p2a: Rotom|Sitrus Berry|[from] move: Trick","|move|p1a: Hawlucha|Substitute|p1a: Hawlucha","|-start|p1a: Hawlucha|Substitute","|-damage|p1a: Hawlucha|134\/304","|","|upkeep","|turn|29","|","|move|p1a: Hawlucha|Substitute|p1a: Hawlucha","|-fail|p1a: Hawlucha|move: Substitute","|move|p2a: Rotom|Volt Switch|p1a: Hawlucha","|-supereffective|p1a: Hawlucha","|-end|p1a: Hawlucha|Substitute","|","|switch|p2a: Ferrothorn|Ferrothorn, M|352\/352","|","|upkeep","|turn|30","|-message|5261 forfeited.","|","|win|3675","|l|\u26065261","|raw|5261's rating: 1559 &rarr; <strong>1535<\/strong><br \/>(-24 for losing)","|raw|3675's rating: 1481 &rarr; <strong>1505<\/strong><br \/>(+24 for winning)",""],"p1":"5261","p1rating":1560,"p1team":[{"ability":"unburden","evs":{"atk":252,"def":0,"hp":28,"spa":0,"spd":16,"spe":212},"happiness":160,"item":"sitrusberry","ivs":{"atk":31,"def":31,"hp":31,"spa":31,"spd":31,"spe":31},"level":100,"moves":["bravebird","swordsdance","closecombat","substitute"],"name":"Hawlucha","nature":"Adamant","species":"Hawlucha"},{"ability":"punkrock","evs":{"atk":0,"def":0,"hp":252,"spa":252,"spd":4,"spe":0},"happiness":160,"item":"assaultvest","ivs":{"atk":0,"def":31,"hp":31,"spa":31,"spd":31,"spe":31},"level":100,"moves":["sludgewave","overdrive","voltswitch","boomburst"],"name":"Toxtricity","nature":"Modest","species":"toxtricitylowkey"},{"ability":"corrosion","evs":{"atk":0,"def":0,"hp":248,"spa":8,"spd":0,"spe":252},"gender":"F","happiness":160,"item":"blacksludge","ivs":{"atk":0,"def":31,"hp":31,"spa":31,"spd":31,"spe":31},"level":100,"moves":["toxic","venoshock","substitute","protect"],"name":"Salazzle","nature":"Timid","species":"Salazzle"},{"ability":"cursedbody","evs":{"atk":0,"def":252,"hp":252,"spa":0,"spd":4,"spe":0},"happiness":160,"item":"eviolite","ivs":{"atk":0,"def":31,"hp":31,"spa":31,"spd":31,"spe":31},"level":100,"moves":["willowisp","strengthsap","nightshade","stealthrock"],"name":"Corsola","nature":"Bold","species":"corsolagalar"},{"ability":"levitate","evs":{"atk":0,"def":0,"hp":0,"spa":252,"spd":4,"spe":252},"happiness":160,"item":"choicescarf","ivs":{"atk":31,"def":31,"hp":31,"spa":31,"spd":31,"spe":31},"level":100,"moves":["uturn","dracometeor","darkpulse","fireblast"],"name":"Hydreigon","nature":"Timid","species":"Hydreigon"},{"ability":"defiant","evs":{"atk":252,"def":0,"hp":0,"spa":0,"spd":4,"spe":252},"happiness":160,"item":"lifeorb","ivs":{"atk":31,"def":31,"hp":31,"spa":31,"spd":31,"spe":31},"level":100,"moves":["suckerpunch","lowkick","ironhead","swordsdance"],"name":"Bisharp","nature":"Adamant","shiny":true,"species":"Bisharp"}],"p2":"3675","p2rating":1481,"p2team":[{"ability":"arenatrap","evs":{"atk":252,"def":0,"hp":0,"spa":0,"spd":4,"spe":252},"happiness":160,"item":"focussash","ivs":{"atk":31,"def":31,"hp":31,"spa":31,"spd":31,"spe":31},"level":100,"moves":["earthquake","suckerpunch","reversal","stealthrock"],"name":"Dugtrio","nature":"Jolly","species":"Dugtrio"},{"ability":"regenerator","evs":{"atk":0,"def":252,"hp":252,"spa":0,"spd":4,"spe":0},"happiness":160,"item":"blacksludge","ivs":{"atk":0,"def":31,"hp":31,"spa":31,"spd":31,"spe":31},"level":100,"moves":["scald","toxic","haze","recover"],"name":"Toxapex","nature":"Bold","species":"Toxapex"},{"ability":"ironbarbs","evs":{"atk":0,"def":8,"hp":252,"spa":0,"spd":248,"spe":0},"gender":"M","happiness":160,"item":"leftovers","ivs":{"atk":31,"def":31,"hp":31,"spa":31,"spd":31,"spe":0},"level":100,"moves":["spikes","leechseed","thunderwave","gyroball"],"name":"Ferrothorn","nature":"Sassy","species":"Ferrothorn"},{"ability":"magicbounce","evs":{"atk":0,"def":252,"hp":252,"spa":0,"spd":4,"spe":0},"gender":"F","happiness":160,"item":"leftovers","ivs":{"atk":0,"def":31,"hp":31,"spa":31,"spd":31,"spe":31},"level":100,"moves":["mysticalfire","calmmind","drainingkiss","psychic"],"name":"Hatterene","nature":"Bold","shiny":true,"species":"Hatterene"},{"ability":"levitate","evs":{"atk":0,"def":0,"hp":0,"spa":252,"spd":4,"spe":252},"gender":"N","happiness":160,"item":"choicescarf","ivs":{"atk":31,"def":31,"hp":31,"spa":31,"spd":31,"spe":30},"level":100,"moves":["overheat","voltswitch","trick","willowisp"],"name":"Rotom","nature":"Timid","species":"rotomheat"},{"ability":"gorillatactics","evs":{"atk":252,"def":0,"hp":0,"spa":0,"spd":4,"spe":252},"happiness":160,"item":"choicescarf","ivs":{"atk":31,"def":31,"hp":31,"spa":31,"spd":31,"spe":31},"level":100,"moves":["iciclecrash","flareblitz","earthquake","stoneedge"],"name":"Darmanitan","nature":"Jolly","species":"darmanitangalar"}],"roomid":1021734,"score":[1,3],"seed":[64455,16313,38360,2578],"timestamp":"Sat Dec 28 2019 02:XX","turns":30,"winner":"3675","rated_battle":true,"average_rating":1520}