{"endType":"normal","format":"gen8ou","inputLog":[">version aa9f8c6b9cf4eca780a1296832ecd3b0009641e0",">version-origin 5e8529faaa5905c5f8e15eafaaefa806ee8c7d06",">start {\"formatid\":\"gen8ou\",\"seed\":[60771,18760,3132,54448],\"rated\":\"Rated battle\"}",">player p1 {\"\"name\":\"31929\",\"rating\":1304}",">player p2 {\"\"name\":\"36067\",\"rating\":1353}",">p1 team 1, 2, 3, 4, 5, 6",">p2 team 3, 2, 1, 4, 5, 6",">p1 move knockoff",">p2 move uturn",">p2 switch 5",">p1 switch 4",">p2 move stealthrock",">p1 move scald",">p2 move rapidspin",">p2 switch 6",">p1 switch 2",">p2 move voltswitch",">p2 switch 5",">p1 move lightscreen",">p2 move dracometeor",">p1 move reflect",">p2 switch 3",">p1 move stealthrock",">p2 move courtchange",">p1 switch 2",">p2 move uturn",">p2 switch 3",">p1 switch 5",">p2 move dracometeor",">p1 switch 3",">p2 move dracometeor",">p1 switch 2",">p2 switch 4",">p1 move reflect",">p2 move knockoff",">p1 move lightscreen",">p2 move uturn",">p2 switch 4",">p1 switch 5",">p1 switch 4",">p2 move dracometeor",">p1 switch 6",">p1 move liquidation",">p2 switch 5",">p1 move liquidation",">p2 switch 2",">p2 switch 5",">p1 move liquidation",">p2 move dracometeor",">p2 switch 4",">p1 move liquidation",">p2 move knockoff",">p1 move icefang",">p2 move uturn",">p2 switch 3",">p1 switch 4",">p2 move suckerpunch",">p1 move uturn",">p2 move uturn",">p2 switch 2",">p1 switch 4",">p1 move liquidation",">p2 move rest",">p2 switch 2",">p1 move liquidation",">p2 move suckerpunch"],"log":["|j|\u260631929","|j|\u260636067","|player|p1|31929|265|1304","|player|p2|36067|dawn-gen4pt|1353","|teamsize|p1|6","|teamsize|p2|6","|gametype|singles","|gen|8","|tier|[Gen 8] OU","|rated|","|rule|Sleep Clause Mod: Limit one foe put to sleep","|rule|Species Clause: Limit one of each Pok\u00e9mon","|rule|OHKO Clause: OHKO moves are banned","|rule|Evasion Moves Clause: Evasion moves are banned","|rule|Endless Battle Clause: Forcing endless battles is banned","|rule|HP Percentage Mod: HP is shown in percentages","|clearpoke","|poke|p1|Obstagoon, M|","|poke|p1|Mew|","|poke|p1|Aegislash, M|","|poke|p1|Pelipper, M|","|poke|p1|Seismitoad, F|","|poke|p1|Barraskewda, F|","|poke|p2|Cinderace, F|","|poke|p2|Hatterene, F|","|poke|p2|Dragapult, M|","|poke|p2|Mandibuzz, F|","|poke|p2|Excadrill, M|","|poke|p2|Rotom-Wash|","|rule|Dynamax Clause: You cannot dynamax","|teampreview","|","|start","|switch|p1a: Obstagoon|Obstagoon, M|327\/327","|switch|p2a: Dragapult|Dragapult, M|317\/317","|turn|1","|","|move|p2a: Dragapult|U-turn|p1a: Obstagoon","|-supereffective|p1a: Obstagoon","|-damage|p1a: Obstagoon|213\/327","|","|switch|p2a: Excadrill|Excadrill, M|361\/361","|-ability|p2a: Excadrill|Mold Breaker","|move|p1a: Obstagoon|Knock Off|p2a: Excadrill","|-damage|p2a: Excadrill|133\/361","|-enditem|p2a: Excadrill|Focus Sash|[from] move: Knock Off|[of] p1a: Obstagoon","|","|-status|p1a: Obstagoon|brn|[from] item: Flame Orb","|upkeep","|turn|2","|","|switch|p1a: Pelipper|Pelipper, M|290\/290","|-weather|RainDance|[from] ability: Drizzle|[of] p1a: Pelipper","|move|p2a: Excadrill|Stealth Rock|p1a: Pelipper","|-sidestart31929|move: Stealth Rock","|","|-weather|RainDance|[upkeep]","|upkeep","|turn|3","|","|move|p2a: Excadrill|Rapid Spin|p1a: Pelipper","|-damage|p1a: Pelipper|224\/290","|-boost|p2a: Excadrill|spe|1","|move|p1a: Pelipper|Scald|p2a: Excadrill","|-supereffective|p2a: Excadrill","|-damage|p2a: Excadrill|0 fnt","|faint|p2a: Excadrill","|","|-weather|RainDance|[upkeep]","|upkeep","|","|switch|p2a: Rotom|Rotom-Wash|304\/304","|turn|4","|","|switch|p1a: Mew|Mew|404\/404","|-damage|p1a: Mew|354\/404|[from] Stealth Rock","|move|p2a: Rotom|Volt Switch|p1a: Mew","|-damage|p1a: Mew|278\/404","|","|switch|p2a: Dragapult|Dragapult, M|317\/317","|","|-weather|RainDance|[upkeep]","|upkeep","|turn|5","|","|move|p2a: Dragapult|Draco Meteor|p1a: Mew","|-damage|p1a: Mew|116\/404","|-unboost|p2a: Dragapult|spa|2","|move|p1a: Mew|Light Screen|p1a: Mew","|-sidestart31929|move: Light Screen","|","|-weather|RainDance|[upkeep]","|upkeep","|turn|6","|","|switch|p2a: Cinderace|Cinderace, F|301\/301","|move|p1a: Mew|Reflect|p1a: Mew","|-sidestart31929|Reflect","|","|-weather|none","|upkeep","|turn|7","|","|move|p2a: Cinderace|Court Change|p2a: Cinderace","|-sideend31929|Stealth Rock|[silent]","|-sidestart36067|Stealth Rock|[silent]","|-sideend31929|Light Screen|[silent]","|-sidestart36067|Light Screen|[silent]","|-sideend31929|Reflect|[silent]","|-sidestart36067|Reflect|[silent]","|-activate|p2a: Cinderace|move: Court Change","|move|p1a: Mew|Stealth Rock||[still]","|-fail|p1a: Mew","|","|upkeep","|turn|8","|","|switch|p1a: Pelipper|Pelipper, M|224\/290","|-weather|RainDance|[from] ability: Drizzle|[of] p1a: Pelipper","|move|p2a: Cinderace|U-turn|p1a: Pelipper","|-resisted|p1a: Pelipper","|-crit|p1a: Pelipper","|-damage|p1a: Pelipper|170\/290","|","|switch|p2a: Dragapult|Dragapult, M|317\/317","|-damage|p2a: Dragapult|278\/317|[from] Stealth Rock","|","|-weather|RainDance|[upkeep]","|upkeep","|turn|9","|","|switch|p1a: Seismitoad|Seismitoad, F|376\/376","|move|p2a: Dragapult|Draco Meteor|p1a: Seismitoad","|-damage|p1a: Seismitoad|145\/376","|-unboost|p2a: Dragapult|spa|2","|","|-weather|RainDance|[upkeep]","|upkeep","|turn|10","|","|switch|p1a: Aegislash|Aegislash, M|324\/324","|move|p2a: Dragapult|Draco Meteor|p1a: Aegislash","|-resisted|p1a: Aegislash","|-damage|p1a: Aegislash|288\/324","|-unboost|p2a: Dragapult|spa|2","|","|-weather|RainDance|[upkeep]","|upkeep","|turn|11","|","|switch|p2a: Mandibuzz|Mandibuzz, F|423\/423","|switch|p1a: Mew|Mew|116\/404","|","|-weather|RainDance|[upkeep]","|upkeep","|turn|12","|","|move|p1a: Mew|Reflect|p1a: Mew","|-sidestart31929|Reflect","|move|p2a: Mandibuzz|Knock Off|p1a: Mew","|-supereffective|p1a: Mew","|-damage|p1a: Mew|35\/404","|-enditem|p1a: Mew|Light Clay|[from] move: Knock Off|[of] p2a: Mandibuzz","|","|-weather|none","|-sideend36067|move: Light Screen","|upkeep","|turn|13","|","|move|p1a: Mew|Light Screen|p1a: Mew","|-sidestart31929|move: Light Screen","|move|p2a: Mandibuzz|U-turn|p1a: Mew","|-supereffective|p1a: Mew","|-damage|p1a: Mew|0 fnt","|faint|p1a: Mew","|","|switch|p2a: Dragapult|Dragapult, M|278\/317","|-damage|p2a: Dragapult|239\/317|[from] Stealth Rock","|","|-sideend36067|Reflect","|upkeep","|","|switch|p1a: Pelipper|Pelipper, M|170\/290","|-weather|RainDance|[from] ability: Drizzle|[of] p1a: Pelipper","|turn|14","|","|switch|p1a: Obstagoon|Obstagoon, M|213\/327 brn","|move|p2a: Dragapult|Draco Meteor|p1a: Obstagoon","|-damage|p1a: Obstagoon|0 fnt","|-unboost|p2a: Dragapult|spa|2","|faint|p1a: Obstagoon","|","|-weather|RainDance|[upkeep]","|upkeep","|","|switch|p1a: Barraskewda|Barraskewda, F|263\/263","|turn|15","|","|switch|p2a: Rotom|Rotom-Wash|304\/304","|-damage|p2a: Rotom|266\/304|[from] Stealth Rock","|move|p1a: Barraskewda|Liquidation|p2a: Rotom","|-resisted|p2a: Rotom","|-crit|p2a: Rotom","|-damage|p2a: Rotom|68\/304","|","|-weather|RainDance|[upkeep]","|upkeep","|turn|16","|","|switch|p2a: Hatterene|Hatterene, F|304\/304","|-damage|p2a: Hatterene|266\/304|[from] Stealth Rock","|move|p1a: Barraskewda|Liquidation|p2a: Hatterene","|-damage|p2a: Hatterene|0 fnt","|faint|p2a: Hatterene","|","|-weather|RainDance|[upkeep]","|upkeep","|","|switch|p2a: Dragapult|Dragapult, M|239\/317","|-damage|p2a: Dragapult|200\/317|[from] Stealth Rock","|turn|17","|","|move|p1a: Barraskewda|Liquidation|p2a: Dragapult","|-resisted|p2a: Dragapult","|-damage|p2a: Dragapult|0 fnt","|faint|p2a: Dragapult","|","|-weather|RainDance|[upkeep]","|-sideend31929|move: Light Screen","|upkeep","|","|switch|p2a: Mandibuzz|Mandibuzz, F|423\/423","|turn|18","|","|move|p1a: Barraskewda|Liquidation|p2a: Mandibuzz","|-damage|p2a: Mandibuzz|105\/423","|move|p2a: Mandibuzz|Knock Off|p1a: Barraskewda","|-damage|p1a: Barraskewda|206\/263","|-enditem|p1a: Barraskewda|Choice Band|[from] move: Knock Off|[of] p2a: Mandibuzz","|","|-weather|none","|upkeep","|turn|19","|","|move|p1a: Barraskewda|Ice Fang|p2a: Mandibuzz","|-supereffective|p2a: Mandibuzz","|-damage|p2a: Mandibuzz|0 fnt","|faint|p2a: Mandibuzz","|","|-sideend31929|Reflect","|upkeep","|","|switch|p2a: Cinderace|Cinderace, F|301\/301","|turn|20","|","|switch|p1a: Pelipper|Pelipper, M|170\/290","|-weather|RainDance|[from] ability: Drizzle|[of] p1a: Pelipper","|move|p2a: Cinderace|Sucker Punch||[still]","|-fail|p2a: Cinderace","|","|-weather|RainDance|[upkeep]","|upkeep","|turn|21","|","|move|p2a: Cinderace|U-turn|p1a: Pelipper","|-resisted|p1a: Pelipper","|-damage|p1a: Pelipper|131\/290","|","|switch|p2a: Rotom|Rotom-Wash|68\/304","|-damage|p2a: Rotom|30\/304|[from] Stealth Rock","|move|p1a: Pelipper|U-turn|p2a: Rotom","|-damage|p2a: Rotom|10\/304","|","|switch|p1a: Barraskewda|Barraskewda, F|206\/263","|","|-weather|RainDance|[upkeep]","|upkeep","|turn|22","|","|move|p1a: Barraskewda|Liquidation|p2a: Rotom","|-resisted|p2a: Rotom","|-damage|p2a: Rotom|0 fnt","|faint|p2a: Rotom","|","|-weather|RainDance|[upkeep]","|upkeep","|","|switch|p2a: Cinderace|Cinderace, F|301\/301","|turn|23","|","|move|p2a: Cinderace|Sucker Punch|p1a: Barraskewda","|-damage|p1a: Barraskewda|80\/263","|move|p1a: Barraskewda|Liquidation|p2a: Cinderace","|-supereffective|p2a: Cinderace","|-damage|p2a: Cinderace|0 fnt","|faint|p2a: Cinderace","|","|win|31929","|l|\u260631929","|raw|31929's rating: 1304 &rarr; <strong>1327<\/strong><br \/>(+23 for winning)","|raw|36067's rating: 1353 &rarr; <strong>1331<\/strong><br \/>(-22 for losing)",""],"p1":"31929","p1rating":1304,"p1team":[{"ability":"guts","evs":{"atk":252,"def":0,"hp":0,"spa":0,"spd":4,"spe":252},"happiness":160,"item":"flameorb","ivs":{"atk":31,"def":31,"hp":31,"spa":31,"spd":31,"spe":31},"level":100,"moves":["facade","knockoff","closecombat","partingshot"],"name":"Obstagoon","nature":"Adamant","species":"Obstagoon"},{"ability":"synchronize","evs":{"atk":0,"def":4,"hp":252,"spa":0,"spd":60,"spe":0},"gender":"N","happiness":160,"item":"lightclay","ivs":{"atk":31,"def":31,"hp":31,"spa":31,"spd":31,"spe":31},"level":100,"moves":["lightscreen","reflect","uturn","stealthrock"],"name":"Mew","nature":"Careful","species":"Mew"},{"ability":"stancechange","evs":{"atk":252,"def":0,"hp":252,"spa":0,"spd":4,"spe":0},"happiness":160,"item":"choiceband","ivs":{"atk":31,"def":31,"hp":31,"spa":31,"spd":31,"spe":31},"level":100,"moves":["shadowsneak","headsmash","closecombat","ironhead"],"name":"Aegislash","nature":"Adamant","species":"Aegislash"},{"ability":"drizzle","evs":{"atk":0,"def":0,"hp":116,"spa":252,"spd":0,"spe":140},"happiness":160,"item":"heavydutyboots","ivs":{"atk":31,"def":31,"hp":31,"spa":31,"spd":31,"spe":31},"level":100,"moves":["scald","uturn","hurricane","roost"],"name":"Pelipper","nature":"Modest","species":"Pelipper"},{"ability":"swiftswim","evs":{"atk":252,"def":0,"hp":100,"spa":0,"spd":4,"spe":152},"happiness":160,"item":"choiceband","ivs":{"atk":31,"def":31,"hp":31,"spa":31,"spd":31,"spe":31},"level":100,"moves":["drainpunch","powerwhip","earthquake","liquidation"],"name":"Seismitoad","nature":"Adamant","species":"Seismitoad"},{"ability":"swiftswim","evs":{"atk":252,"def":0,"hp":0,"spa":0,"spd":4,"spe":252},"happiness":160,"item":"choiceband","ivs":{"atk":31,"def":31,"hp":31,"spa":31,"spd":31,"spe":31},"level":100,"moves":["closecombat","liquidation","icefang","drillrun"],"name":"Barraskewda","nature":"Adamant","species":"Barraskewda"}],"p2":"36067","p2rating":1353,"p2team":[{"ability":"blaze","evs":{"atk":252,"def":0,"hp":0,"spa":0,"spd":4,"spe":252},"happiness":160,"item":"heavydutyboots","ivs":{"atk":31,"def":31,"hp":31,"spa":31,"spd":31,"spe":31},"level":100,"moves":["courtchange","suckerpunch","uturn","pyroball"],"name":"Cinderace","nature":"Jolly","species":"Cinderace"},{"ability":"magicbounce","evs":{"atk":0,"def":0,"hp":196,"spa":252,"spd":0,"spe":60},"gender":"F","happiness":160,"item":"leftovers","ivs":{"atk":0,"def":31,"hp":31,"spa":31,"spd":31,"spe":31},"level":100,"moves":["gigadrain","calmmind","drainingkiss","psychic"],"name":"Hatterene","nature":"Modest","species":"Hatterene"},{"ability":"infiltrator","evs":{"atk":0,"def":0,"hp":0,"spa":252,"spd":4,"spe":252},"happiness":160,"item":"choicescarf","ivs":{"atk":31,"def":31,"hp":31,"spa":31,"spd":31,"spe":31},"level":100,"moves":["dracometeor","shadowball","thunderbolt","uturn"],"name":"Dragapult","nature":"Timid","species":"Dragapult"},{"ability":"overcoat","evs":{"atk":0,"def":8,"hp":248,"spa":0,"spd":252,"spe":0},"gender":"F","happiness":160,"item":"heavydutyboots","ivs":{"atk":31,"def":31,"hp":31,"spa":31,"spd":31,"spe":31},"level":100,"moves":["knockoff","taunt","roost","uturn"],"name":"Mandibuzz","nature":"Careful","species":"Mandibuzz"},{"ability":"moldbreaker","evs":{"atk":252,"def":0,"hp":0,"spa":0,"spd":4,"spe":252},"happiness":160,"item":"focussash","ivs":{"atk":31,"def":31,"hp":31,"spa":31,"spd":31,"spe":31},"level":100,"moves":["earthquake","ironhead","rapidspin","stealthrock"],"name":"Excadrill","nature":"Jolly","species":"Excadrill"},{"ability":"levitate","evs":{"atk":0,"def":252,"hp":252,"spa":4,"spd":0,"spe":0},"gender":"N","happiness":160,"item":"chestoberry","ivs":{"atk":0,"def":31,"hp":31,"spa":31,"spd":31,"spe":31},"level":100,"moves":["willowisp","voltswitch","hydropump","rest"],"name":"Rotom","nature":"Bold","species":"rotomwash"}],"roomid":1017586,"score":[4,0],"seed":[60771,18760,3132,54448],"timestamp":"Sat Dec 28 2019 03:XX","turns":23,"winner":"31929","rated_battle":true,"average_rating":1328}