{"endType":"forfeit","format":"gen8ou","inputLog":[">version aa9f8c6b9cf4eca780a1296832ecd3b0009641e0",">version-origin 5e8529faaa5905c5f8e15eafaaefa806ee8c7d06",">start {\"formatid\":\"gen8ou\",\"seed\":[15822,25766,59763,10027],\"rated\":\"Rated battle\"}",">player p1 {\"\"name\":\"26951\",\"rating\":1483}",">player p2 {\"\"name\":\"52456\",\"rating\":1438}",">p1 team 2, 1, 3, 4, 5, 6",">p2 team 1, 2, 3, 4, 5, 6",">p1 move trickroom",">p2 move lightscreen",">p1 move dazzlinggleam",">p2 switch 4",">p1 move psychic",">p2 switch 2",">p1 switch 2",">p2 move cosmicpower",">p1 move knockoff",">p2 move bodypress",">p1 switch 3",">p1 move spiritbreak",">p2 switch 5",">p1 move reflect",">p2 switch 2",">p1 move lightscreen",">p2 move substitute",">p1 switch 2",">p2 move toxic",">p1 move trickroom",">p2 move protect",">p1 move dazzlinggleam",">p2 move substitute",">p1 move dazzlinggleam",">p2 move protect",">p1 move dazzlinggleam",">p2 move substitute",">p1 move psychic",">p2 move protect",">p1 move trickroom",">p2 move protect",">p1 move psychic",">p2 move protect",">p1 move psychic",">p2 move substitute",">p1 move psychic",">p2 move protect",">p1 move psychic",">p2 move substitute",">p1 move psychic",">p2 move protect",">p1 move psychic",">p2 move protect",">p1 move psychic",">p2 move substitute",">p1 move dazzlinggleam",">p2 move protect",">p1 move psychic",">p2 switch 3",">p1 switch 5",">p2 switch 2",">p1 switch 6",">p2 switch 3",">p1 move scald",">p2 move protect",">p1 switch 5",">p2 move disable",">p1 move trickroom",">p2 move substitute",">p1 move mysticalfire",">p2 move substitute",">p1 move mysticalfire",">p2 move substitute",">p1 move mysticalfire",">p2 move protect",">p1 move mysticalfire",">p2 switch 2",">p1 switch 6",">p2 switch 2",">p1 switch 6",">p2 switch 3",">p1 switch 5",">p2 switch 4",">p1 switch 2",">p2 move lightscreen",">p1 move lightscreen",">p2 switch 3",">p1 switch 5",">p2 switch 2",">p1 switch 6",">p2 move dragondance",">p1 move leechseed",">p2 move knockoff",">p1 move stealthrock",">p2 move knockoff",">p1 switch 2",">p1 move protect",">p2 switch 2",">p1 switch 6",">p2 switch 2",">p1 move trickroom",">p2 move knockoff",">p1 switch 5",">p1 move reflect",">p2 switch 4",">p1 move thunderwave",">p2 move taunt",">p1 move spiritbreak",">p2 switch 2",">p1 switch 6",">p2 move substitute",">p1 move scald",">p2 move toxic",">p1 move scald",">p2 move disable",">p1 move icebeam",">p2 move substitute",">p1 move wish",">p2 move protect",">p1 move icebeam",">p2 move toxic",">p1 move scald",">p2 move substitute",">p1 move protect",">p2 move disable",">p1 switch 4",">p1 move shellsmash",">p2 move substitute",">p1 move shadowball",">p2 move toxic",">p1 move storedpower",">p2 move protect"],"log":["|j|\u260626951","|j|\u260652456","|player|p1|26951|288|1483","|player|p2|52456|blaine|1438","|teamsize|p1|6","|teamsize|p2|6","|gametype|singles","|gen|8","|tier|[Gen 8] OU","|rated|","|rule|Sleep Clause Mod: Limit one foe put to sleep","|rule|Species Clause: Limit one of each Pok\u00e9mon","|rule|OHKO Clause: OHKO moves are banned","|rule|Evasion Moves Clause: Evasion moves are banned","|rule|Endless Battle Clause: Forcing endless battles is banned","|rule|HP Percentage Mod: HP is shown in percentages","|clearpoke","|poke|p1|Obstagoon, F|","|poke|p1|Hatterene, F|","|poke|p1|Grimmsnarl, M|","|poke|p1|Polteageist|","|poke|p1|Ferrothorn, M|","|poke|p1|Vaporeon, F|","|poke|p2|Grimmsnarl, M|","|poke|p2|Mew|","|poke|p2|Crawdaunt, F|","|poke|p2|Salazzle, F|","|poke|p2|Cinderace, M|","|poke|p2|Ditto|","|rule|Dynamax Clause: You cannot dynamax","|teampreview","|","|start","|switch|p1a: Hatterene|Hatterene, F|318\/318","|switch|p2a: Grimmsnarl|Grimmsnarl, M|393\/393","|turn|1","|","|move|p2a: Grimmsnarl|Light Screen|p2a: Grimmsnarl","|-sidestart52456|move: Light Screen","|move|p1a: Hatterene|Trick Room|p1a: Hatterene","|-fieldstart|move: Trick Room|[of] p1a: Hatterene","|","|upkeep","|turn|2","|","|switch|p2a: Salazzle|Salazzle, F|339\/339","|move|p1a: Hatterene|Dazzling Gleam|p2a: Salazzle","|-resisted|p2a: Salazzle","|-damage|p2a: Salazzle|311\/339","|","|-heal|p2a: Salazzle|332\/339|[from] item: Black Sludge","|upkeep","|turn|3","|j| Estela trainer","|","|switch|p2a: Mew|Mew|403\/403","|move|p1a: Hatterene|Psychic|p2a: Mew","|-resisted|p2a: Mew","|-damage|p2a: Mew|357\/403","|","|-heal|p2a: Mew|382\/403|[from] item: Leftovers","|upkeep","|turn|4","|","|switch|p1a: Obstagoon|Obstagoon, F|327\/327","|move|p2a: Mew|Cosmic Power|p2a: Mew","|-boost|p2a: Mew|def|1","|-boost|p2a: Mew|spd|1","|","|-heal|p2a: Mew|403\/403|[from] item: Leftovers","|-status|p1a: Obstagoon|brn|[from] item: Flame Orb","|upkeep","|turn|5","|","|move|p1a: Obstagoon|Knock Off|p2a: Mew","|-supereffective|p2a: Mew","|-damage|p2a: Mew|143\/403","|-enditem|p2a: Mew|Leftovers|[from] move: Knock Off|[of] p1a: Obstagoon","|move|p2a: Mew|Body Press|p1a: Obstagoon","|-supereffective|p1a: Obstagoon","|-damage|p1a: Obstagoon|0 fnt","|faint|p1a: Obstagoon","|","|-fieldend|move: Trick Room","|upkeep","|","|switch|p1a: Grimmsnarl|Grimmsnarl, M|394\/394","|turn|6","|l| Estela trainer","|","|switch|p2a: Cinderace|Cinderace, M|363\/363","|move|p1a: Grimmsnarl|Spirit Break|p2a: Cinderace","|-resisted|p2a: Cinderace","|-damage|p2a: Cinderace|276\/363","|-unboost|p2a: Cinderace|spa|1","|","|upkeep","|turn|7","|","|switch|p2a: Salazzle|Salazzle, F|332\/339","|move|p1a: Grimmsnarl|Reflect|p1a: Grimmsnarl","|-sidestart26951|Reflect","|","|-heal|p2a: Salazzle|339\/339|[from] item: Black Sludge","|upkeep","|turn|8","|","|move|p1a: Grimmsnarl|Light Screen|p1a: Grimmsnarl","|-sidestart26951|move: Light Screen","|move|p2a: Salazzle|Substitute|p2a: Salazzle","|-start|p2a: Salazzle|Substitute","|-damage|p2a: Salazzle|255\/339","|","|-heal|p2a: Salazzle|276\/339|[from] item: Black Sludge","|-sideend52456|move: Light Screen","|upkeep","|turn|9","|","|switch|p1a: Hatterene|Hatterene, F|318\/318","|move|p2a: Salazzle|Toxic|p1a: Hatterene","|move|p1a: Hatterene|Toxic||[from]Magic Bounce|[still]","|-fail|p1a: Hatterene","|","|-heal|p2a: Salazzle|297\/339|[from] item: Black Sludge","|upkeep","|turn|10","|","|move|p2a: Salazzle|Protect|p2a: Salazzle","|-singleturn|p2a: Salazzle|Protect","|move|p1a: Hatterene|Trick Room|p1a: Hatterene","|-fieldstart|move: Trick Room|[of] p1a: Hatterene","|","|-heal|p2a: Salazzle|318\/339|[from] item: Black Sludge","|upkeep","|turn|11","|","|move|p1a: Hatterene|Dazzling Gleam|p2a: Salazzle","|-resisted|p2a: Salazzle","|-activate|p2a: Salazzle|move: Substitute|[damage]","|move|p2a: Salazzle|Substitute|p2a: Salazzle","|-fail|p2a: Salazzle|move: Substitute","|","|-heal|p2a: Salazzle|339\/339|[from] item: Black Sludge","|upkeep","|turn|12","|","|move|p2a: Salazzle|Protect|p2a: Salazzle","|-singleturn|p2a: Salazzle|Protect","|move|p1a: Hatterene|Dazzling Gleam|p2a: Salazzle","|-activate|p2a: Salazzle|move: Protect","|","|upkeep","|turn|13","|","|move|p1a: Hatterene|Dazzling Gleam|p2a: Salazzle","|-resisted|p2a: Salazzle","|-end|p2a: Salazzle|Substitute","|move|p2a: Salazzle|Substitute|p2a: Salazzle","|-start|p2a: Salazzle|Substitute","|-damage|p2a: Salazzle|255\/339","|","|-heal|p2a: Salazzle|276\/339|[from] item: Black Sludge","|upkeep","|turn|14","|","|move|p2a: Salazzle|Protect|p2a: Salazzle","|-singleturn|p2a: Salazzle|Protect","|move|p1a: Hatterene|Psychic|p2a: Salazzle","|-activate|p2a: Salazzle|move: Protect","|","|-heal|p2a: Salazzle|297\/339|[from] item: Black Sludge","|-sideend26951|Reflect","|-fieldend|move: Trick Room","|upkeep","|turn|15","|","|move|p2a: Salazzle|Protect||[still]","|-fail|p2a: Salazzle","|move|p1a: Hatterene|Trick Room|p1a: Hatterene","|-fieldstart|move: Trick Room|[of] p1a: Hatterene","|","|-heal|p2a: Salazzle|318\/339|[from] item: Black Sludge","|-sideend26951|move: Light Screen","|upkeep","|turn|16","|","|move|p2a: Salazzle|Protect|p2a: Salazzle","|-singleturn|p2a: Salazzle|Protect","|move|p1a: Hatterene|Psychic|p2a: Salazzle","|-activate|p2a: Salazzle|move: Protect","|","|-heal|p2a: Salazzle|339\/339|[from] item: Black Sludge","|upkeep","|turn|17","|","|move|p1a: Hatterene|Psychic|p2a: Salazzle","|-supereffective|p2a: Salazzle","|-end|p2a: Salazzle|Substitute","|move|p2a: Salazzle|Substitute|p2a: Salazzle","|-start|p2a: Salazzle|Substitute","|-damage|p2a: Salazzle|255\/339","|","|-heal|p2a: Salazzle|276\/339|[from] item: Black Sludge","|upkeep","|turn|18","|","|move|p2a: Salazzle|Protect|p2a: Salazzle","|-singleturn|p2a: Salazzle|Protect","|move|p1a: Hatterene|Psychic|p2a: Salazzle","|-activate|p2a: Salazzle|move: Protect","|","|-heal|p2a: Salazzle|297\/339|[from] item: Black Sludge","|upkeep","|turn|19","|","|move|p1a: Hatterene|Psychic|p2a: Salazzle","|-supereffective|p2a: Salazzle","|-end|p2a: Salazzle|Substitute","|move|p2a: Salazzle|Substitute|p2a: Salazzle","|-start|p2a: Salazzle|Substitute","|-damage|p2a: Salazzle|213\/339","|","|-heal|p2a: Salazzle|234\/339|[from] item: Black Sludge","|-fieldend|move: Trick Room","|upkeep","|turn|20","|","|move|p2a: Salazzle|Protect|p2a: Salazzle","|-singleturn|p2a: Salazzle|Protect","|move|p1a: Hatterene|Psychic|p2a: Salazzle","|-activate|p2a: Salazzle|move: Protect","|","|-heal|p2a: Salazzle|255\/339|[from] item: Black Sludge","|upkeep","|turn|21","|","|move|p2a: Salazzle|Protect||[still]","|-fail|p2a: Salazzle","|move|p1a: Hatterene|Psychic|p2a: Salazzle","|-supereffective|p2a: Salazzle","|-end|p2a: Salazzle|Substitute","|","|-heal|p2a: Salazzle|276\/339|[from] item: Black Sludge","|upkeep","|turn|22","|","|move|p2a: Salazzle|Substitute|p2a: Salazzle","|-start|p2a: Salazzle|Substitute","|-damage|p2a: Salazzle|192\/339","|move|p1a: Hatterene|Psychic|p2a: Salazzle","|-supereffective|p2a: Salazzle","|-end|p2a: Salazzle|Substitute","|","|-heal|p2a: Salazzle|213\/339|[from] item: Black Sludge","|upkeep","|turn|23","|","|move|p2a: Salazzle|Protect|p2a: Salazzle","|-singleturn|p2a: Salazzle|Protect","|move|p1a: Hatterene|Dazzling Gleam|p2a: Salazzle","|-activate|p2a: Salazzle|move: Protect","|","|-heal|p2a: Salazzle|234\/339|[from] item: Black Sludge","|upkeep","|turn|24","|","|switch|p2a: Crawdaunt|Crawdaunt, F|267\/267","|move|p1a: Hatterene|Psychic|p2a: Crawdaunt","|-immune|p2a: Crawdaunt","|","|upkeep","|turn|25","|","|switch|p2a: Cinderace|Cinderace, M|276\/363","|switch|p1a: Ferrothorn|Ferrothorn, M|352\/352","|","|upkeep","|turn|26","|","|switch|p2a: Salazzle|Salazzle, F|234\/339","|switch|p1a: Vaporeon|Vaporeon, F|464\/464","|","|-heal|p2a: Salazzle|255\/339|[from] item: Black Sludge","|upkeep","|turn|27","|","|move|p2a: Salazzle|Protect|p2a: Salazzle","|-singleturn|p2a: Salazzle|Protect","|move|p1a: Vaporeon|Scald|p2a: Salazzle","|-activate|p2a: Salazzle|move: Protect","|","|-heal|p2a: Salazzle|276\/339|[from] item: Black Sludge","|upkeep","|turn|28","|","|switch|p1a: Hatterene|Hatterene, F|318\/318","|move|p2a: Salazzle|Disable|p1a: Hatterene","|move|p1a: Hatterene|Disable|p2a: Salazzle|[from]Magic Bounce","|-start|p2a: Salazzle|Disable|Disable","|","|-heal|p2a: Salazzle|297\/339|[from] item: Black Sludge","|upkeep","|turn|29","|","|move|p2a: Salazzle|Substitute|p2a: Salazzle","|-start|p2a: Salazzle|Substitute","|-damage|p2a: Salazzle|213\/339","|move|p1a: Hatterene|Trick Room|p1a: Hatterene","|-fieldstart|move: Trick Room|[of] p1a: Hatterene","|","|-heal|p2a: Salazzle|234\/339|[from] item: Black Sludge","|upkeep","|turn|30","|","|move|p1a: Hatterene|Mystical Fire|p2a: Salazzle","|-resisted|p2a: Salazzle","|-activate|p2a: Salazzle|move: Substitute|[damage]","|move|p2a: Salazzle|Substitute|p2a: Salazzle","|-fail|p2a: Salazzle|move: Substitute","|","|-heal|p2a: Salazzle|255\/339|[from] item: Black Sludge","|upkeep","|turn|31","|","|move|p1a: Hatterene|Mystical Fire|p2a: Salazzle","|-resisted|p2a: Salazzle","|-end|p2a: Salazzle|Substitute","|move|p2a: Salazzle|Substitute|p2a: Salazzle","|-start|p2a: Salazzle|Substitute","|-damage|p2a: Salazzle|171\/339","|","|-heal|p2a: Salazzle|192\/339|[from] item: Black Sludge","|upkeep","|turn|32","|","|move|p2a: Salazzle|Protect|p2a: Salazzle","|-singleturn|p2a: Salazzle|Protect","|move|p1a: Hatterene|Mystical Fire|p2a: Salazzle","|-activate|p2a: Salazzle|move: Protect","|","|-heal|p2a: Salazzle|213\/339|[from] item: Black Sludge","|-end|p2a: Salazzle|Disable","|upkeep","|turn|33","|","|switch|p2a: Crawdaunt|Crawdaunt, F|267\/267","|move|p1a: Hatterene|Mystical Fire|p2a: Crawdaunt","|-resisted|p2a: Crawdaunt","|-damage|p2a: Crawdaunt|182\/267","|-unboost|p2a: Crawdaunt|spa|1","|","|-fieldend|move: Trick Room","|upkeep","|turn|34","|","|switch|p2a: Salazzle|Salazzle, F|213\/339","|switch|p1a: Ferrothorn|Ferrothorn, M|352\/352","|","|-heal|p2a: Salazzle|234\/339|[from] item: Black Sludge","|upkeep","|turn|35","|","|switch|p2a: Cinderace|Cinderace, M|276\/363","|switch|p1a: Hatterene|Hatterene, F|318\/318","|","|upkeep","|turn|36","|","|switch|p2a: Grimmsnarl|Grimmsnarl, M|393\/393","|switch|p1a: Vaporeon|Vaporeon, F|464\/464","|","|upkeep","|turn|37","|","|switch|p1a: Grimmsnarl|Grimmsnarl, M|394\/394","|move|p2a: Grimmsnarl|Light Screen|p2a: Grimmsnarl","|-sidestart52456|move: Light Screen","|","|upkeep","|turn|38","|","|switch|p2a: Salazzle|Salazzle, F|234\/339","|move|p1a: Grimmsnarl|Light Screen|p1a: Grimmsnarl","|-sidestart26951|move: Light Screen","|","|-heal|p2a: Salazzle|255\/339|[from] item: Black Sludge","|upkeep","|turn|39","|","|switch|p2a: Crawdaunt|Crawdaunt, F|182\/267","|switch|p1a: Hatterene|Hatterene, F|318\/318","|","|upkeep","|turn|40","|","|switch|p1a: Ferrothorn|Ferrothorn, M|352\/352","|move|p2a: Crawdaunt|Dragon Dance|p2a: Crawdaunt","|-boost|p2a: Crawdaunt|atk|1","|-boost|p2a: Crawdaunt|spe|1","|","|upkeep","|turn|41","|","|move|p2a: Crawdaunt|Knock Off|p1a: Ferrothorn","|-damage|p1a: Ferrothorn|50\/352","|-damage|p2a: Crawdaunt|149\/267|[from] ability: Iron Barbs|[of] p1a: Ferrothorn","|-enditem|p1a: Ferrothorn|Leftovers|[from] move: Knock Off|[of] p2a: Crawdaunt","|-damage|p2a: Crawdaunt|123\/267|[from] item: Life Orb","|move|p1a: Ferrothorn|Leech Seed|p2a: Crawdaunt","|-start|p2a: Crawdaunt|move: Leech Seed","|","|-damage|p2a: Crawdaunt|90\/267|[from] Leech Seed|[of] p1a: Ferrothorn","|-heal|p1a: Ferrothorn|83\/352|[silent]","|upkeep","|turn|42","|","|move|p2a: Crawdaunt|Knock Off|p1a: Ferrothorn","|-damage|p1a: Ferrothorn|0 fnt","|-damage|p2a: Crawdaunt|57\/267|[from] ability: Iron Barbs|[of] p1a: Ferrothorn","|-damage|p2a: Crawdaunt|31\/267|[from] item: Life Orb","|faint|p1a: Ferrothorn","|","|upkeep","|","|switch|p1a: Vaporeon|Vaporeon, F|464\/464","|turn|43","|","|switch|p2a: Salazzle|Salazzle, F|255\/339","|move|p1a: Vaporeon|Protect||[still]","|-fail|p1a: Vaporeon","|","|-heal|p2a: Salazzle|276\/339|[from] item: Black Sludge","|upkeep","|turn|44","|","|switch|p2a: Crawdaunt|Crawdaunt, F|31\/267","|switch|p1a: Hatterene|Hatterene, F|318\/318","|","|-sideend52456|move: Light Screen","|upkeep","|turn|45","|","|move|p2a: Crawdaunt|Knock Off|p1a: Hatterene","|-damage|p1a: Hatterene|0 fnt","|-enditem|p1a: Hatterene|Leftovers|[from] move: Knock Off|[of] p2a: Crawdaunt","|-damage|p2a: Crawdaunt|5\/267|[from] item: Life Orb","|faint|p1a: Hatterene","|","|-sideend26951|move: Light Screen","|upkeep","|","|switch|p1a: Grimmsnarl|Grimmsnarl, M|394\/394","|turn|46","|","|switch|p2a: Cinderace|Cinderace, M|276\/363","|move|p1a: Grimmsnarl|Reflect|p1a: Grimmsnarl","|-sidestart26951|Reflect","|","|upkeep","|turn|47","|","|move|p1a: Grimmsnarl|Thunder Wave|p2a: Cinderace","|-status|p2a: Cinderace|par","|move|p2a: Cinderace|Taunt|p1a: Grimmsnarl","|-start|p1a: Grimmsnarl|move: Taunt","|","|upkeep","|turn|48","|","|switch|p2a: Salazzle|Salazzle, F|276\/339","|move|p1a: Grimmsnarl|Spirit Break|p2a: Salazzle","|-resisted|p2a: Salazzle","|-damage|p2a: Salazzle|222\/339","|-unboost|p2a: Salazzle|spa|1","|","|-heal|p2a: Salazzle|243\/339|[from] item: Black Sludge","|upkeep","|turn|49","|","|switch|p1a: Vaporeon|Vaporeon, F|464\/464","|move|p2a: Salazzle|Substitute|p2a: Salazzle","|-start|p2a: Salazzle|Substitute","|-damage|p2a: Salazzle|159\/339","|","|-heal|p2a: Salazzle|180\/339|[from] item: Black Sludge","|upkeep","|turn|50","|","|move|p2a: Salazzle|Toxic|p1a: Vaporeon","|-status|p1a: Vaporeon|tox","|move|p1a: Vaporeon|Scald|p2a: Salazzle","|-supereffective|p2a: Salazzle","|-end|p2a: Salazzle|Substitute","|","|-heal|p2a: Salazzle|201\/339|[from] item: Black Sludge","|-damage|p1a: Vaporeon|435\/464 tox|[from] psn","|upkeep","|turn|51","|","|move|p2a: Salazzle|Disable|p1a: Vaporeon","|-start|p1a: Vaporeon|Disable|Scald","|cant|p1a: Vaporeon|Disable|Scald","|","|-heal|p2a: Salazzle|222\/339|[from] item: Black Sludge","|-heal|p1a: Vaporeon|464\/464 tox|[from] item: Leftovers","|-damage|p1a: Vaporeon|406\/464 tox|[from] psn","|upkeep","|turn|52","|","|move|p2a: Salazzle|Substitute|p2a: Salazzle","|-start|p2a: Salazzle|Substitute","|-damage|p2a: Salazzle|138\/339","|move|p1a: Vaporeon|Ice Beam|p2a: Salazzle","|-resisted|p2a: Salazzle","|-activate|p2a: Salazzle|move: Substitute|[damage]","|","|-heal|p2a: Salazzle|159\/339|[from] item: Black Sludge","|-heal|p1a: Vaporeon|435\/464 tox|[from] item: Leftovers","|-damage|p1a: Vaporeon|348\/464 tox|[from] psn","|upkeep","|turn|53","|","|move|p2a: Salazzle|Protect|p2a: Salazzle","|-singleturn|p2a: Salazzle|Protect","|move|p1a: Vaporeon|Wish|p1a: Vaporeon","|","|-heal|p2a: Salazzle|180\/339|[from] item: Black Sludge","|-heal|p1a: Vaporeon|377\/464 tox|[from] item: Leftovers","|-damage|p1a: Vaporeon|261\/464 tox|[from] psn","|-sideend26951|Reflect","|upkeep","|turn|54","|","|move|p2a: Salazzle|Toxic|p1a: Vaporeon","|-fail|p1a: Vaporeon|tox","|move|p1a: Vaporeon|Ice Beam|p2a: Salazzle","|-resisted|p2a: Salazzle","|-end|p2a: Salazzle|Substitute","|","|-heal|p1a: Vaporeon|464\/464 tox|[from] move: Wish|[wisher] Vaporeon","|-heal|p2a: Salazzle|201\/339|[from] item: Black Sludge","|-damage|p1a: Vaporeon|319\/464 tox|[from] psn","|-end|p1a: Vaporeon|Disable","|upkeep","|turn|55","|","|move|p2a: Salazzle|Substitute|p2a: Salazzle","|-start|p2a: Salazzle|Substitute","|-damage|p2a: Salazzle|117\/339","|move|p1a: Vaporeon|Scald|p2a: Salazzle","|-supereffective|p2a: Salazzle","|-end|p2a: Salazzle|Substitute","|","|-heal|p2a: Salazzle|138\/339|[from] item: Black Sludge","|-heal|p1a: Vaporeon|348\/464 tox|[from] item: Leftovers","|-damage|p1a: Vaporeon|174\/464 tox|[from] psn","|upkeep","|turn|56","|","|move|p1a: Vaporeon|Protect|p1a: Vaporeon","|-singleturn|p1a: Vaporeon|Protect","|move|p2a: Salazzle|Disable|p1a: Vaporeon","|-activate|p1a: Vaporeon|move: Protect","|","|-heal|p2a: Salazzle|159\/339|[from] item: Black Sludge","|-heal|p1a: Vaporeon|203\/464 tox|[from] item: Leftovers","|-damage|p1a: Vaporeon|0 fnt|[from] psn","|faint|p1a: Vaporeon","|upkeep","|","|switch|p1a: Polteageist|Polteageist|261\/261","|turn|57","|","|move|p2a: Salazzle|Substitute|p2a: Salazzle","|-start|p2a: Salazzle|Substitute","|-damage|p2a: Salazzle|75\/339","|move|p1a: Polteageist|Shell Smash|p1a: Polteageist","|-unboost|p1a: Polteageist|def|1","|-unboost|p1a: Polteageist|spd|1","|-boost|p1a: Polteageist|atk|2","|-boost|p1a: Polteageist|spa|2","|-boost|p1a: Polteageist|spe|2","|-enditem|p1a: Polteageist|White Herb","|-clearnegativeboost|p1a: Polteageist|[silent]","|","|-heal|p2a: Salazzle|96\/339|[from] item: Black Sludge","|upkeep","|turn|58","|","|move|p1a: Polteageist|Shadow Ball|p2a: Salazzle","|-end|p2a: Salazzle|Substitute","|move|p2a: Salazzle|Toxic|p1a: Polteageist","|-status|p1a: Polteageist|tox","|","|-heal|p2a: Salazzle|117\/339|[from] item: Black Sludge","|-damage|p1a: Polteageist|245\/261 tox|[from] psn","|upkeep","|turn|59","|","|move|p2a: Salazzle|Protect|p2a: Salazzle","|-singleturn|p2a: Salazzle|Protect","|move|p1a: Polteageist|Stored Power|p2a: Salazzle","|-activate|p2a: Salazzle|move: Protect","|","|-heal|p2a: Salazzle|138\/339|[from] item: Black Sludge","|-damage|p1a: Polteageist|213\/261 tox|[from] psn","|upkeep","|turn|60","|-message|26951 forfeited.","|","|win|52456","|l|\u260626951","|raw|26951's rating: 1483 &rarr; <strong>1460<\/strong><br \/>(-23 for losing)","|raw|52456's rating: 1438 &rarr; <strong>1460<\/strong><br \/>(+22 for winning)",""],"p1":"26951","p1rating":1483,"p1team":[{"ability":"guts","evs":{"atk":252,"def":0,"hp":0,"spa":0,"spd":4,"spe":252},"happiness":160,"item":"flameorb","ivs":{"atk":31,"def":31,"hp":31,"spa":31,"spd":31,"spe":31},"level":100,"moves":["knockoff","facade","bulkup","closecombat"],"name":"Obstagoon","nature":"Jolly","species":"Obstagoon"},{"ability":"magicbounce","evs":{"atk":0,"def":0,"hp":252,"spa":252,"spd":4,"spe":0},"gender":"F","happiness":160,"item":"leftovers","ivs":{"atk":0,"def":31,"hp":31,"spa":31,"spd":31,"spe":0},"level":100,"moves":["trickroom","psychic","dazzlinggleam","mysticalfire"],"name":"Hatterene","nature":"Quiet","species":"Hatterene"},{"ability":"prankster","evs":{"atk":252,"def":0,"hp":252,"spa":0,"spd":4,"spe":0},"gender":"M","happiness":160,"item":"lightclay","ivs":{"atk":31,"def":31,"hp":31,"spa":31,"spd":31,"spe":31},"level":100,"moves":["reflect","lightscreen","thunderwave","spiritbreak"],"name":"Grimmsnarl","nature":"Adamant","species":"Grimmsnarl"},{"ability":"weakarmor","evs":{"atk":0,"def":0,"hp":0,"spa":252,"spd":4,"spe":252},"gender":"N","happiness":160,"item":"whiteherb","ivs":{"atk":0,"def":31,"hp":31,"spa":31,"spd":31,"spe":31},"level":100,"moves":["shellsmash","shadowball","storedpower","gigadrain"],"name":"Polteageist","nature":"Timid","species":"Polteageist"},{"ability":"ironbarbs","evs":{"atk":4,"def":252,"hp":252,"spa":0,"spd":0,"spe":0},"happiness":160,"item":"leftovers","ivs":{"atk":31,"def":31,"hp":31,"spa":31,"spd":31,"spe":0},"level":100,"moves":["spikes","stealthrock","leechseed","gyroball"],"name":"Ferrothorn","nature":"Relaxed","species":"Ferrothorn"},{"ability":"waterabsorb","evs":{"atk":0,"def":0,"hp":252,"spa":4,"spd":252,"spe":0},"happiness":160,"item":"leftovers","ivs":{"atk":0,"def":31,"hp":31,"spa":31,"spd":31,"spe":31},"level":100,"moves":["scald","icebeam","wish","protect"],"name":"Vaporeon","nature":"Calm","species":"Vaporeon"}],"p2":"52456","p2rating":1438,"p2team":[{"ability":"prankster","evs":{"atk":0,"def":8,"hp":248,"spa":0,"spd":252,"spe":0},"gender":"M","happiness":160,"item":"lightclay","ivs":{"atk":0,"def":31,"hp":31,"spa":31,"spd":31,"spe":31},"level":100,"moves":["taunt","thunderwave","lightscreen","reflect"],"name":"Grimmsnarl","nature":"Careful","species":"Grimmsnarl"},{"ability":"synchronize","evs":{"atk":0,"def":16,"hp":248,"spa":0,"spd":0,"spe":244},"gender":"N","happiness":160,"item":"leftovers","ivs":{"atk":31,"def":31,"hp":31,"spa":31,"spd":31,"spe":31},"level":100,"moves":["storedpower","bodypress","substitute","cosmicpower"],"name":"Mew","nature":"Timid","species":"Mew"},{"ability":"adaptability","evs":{"atk":252,"def":4,"hp":0,"spa":0,"spd":0,"spe":252},"happiness":160,"item":"lifeorb","ivs":{"atk":31,"def":31,"hp":31,"spa":31,"spd":31,"spe":31},"level":100,"moves":["crabhammer","aquajet","knockoff","dragondance"],"name":"Crawdaunt","nature":"Adamant","species":"Crawdaunt"},{"ability":"corrosion","evs":{"atk":0,"def":8,"hp":248,"spa":0,"spd":0,"spe":252},"gender":"F","happiness":160,"item":"blacksludge","ivs":{"atk":0,"def":31,"hp":31,"spa":31,"spd":31,"spe":31},"level":100,"moves":["disable","protect","substitute","toxic"],"name":"Salazzle","nature":"Timid","species":"Salazzle"},{"ability":"blaze","evs":{"atk":8,"def":0,"hp":248,"spa":0,"spd":0,"spe":252},"happiness":160,"item":"heavydutyboots","ivs":{"atk":31,"def":31,"hp":31,"spa":31,"spd":31,"spe":31},"level":100,"moves":["pyroball","superfang","taunt","courtchange"],"name":"Cinderace","nature":"Jolly","species":"Cinderace"},{"ability":"imposter","evs":{"atk":8,"def":252,"hp":248,"spa":0,"spd":0,"spe":0},"gender":"N","happiness":160,"item":"choicescarf","ivs":{"atk":0,"def":31,"hp":31,"spa":31,"spd":31,"spe":31},"level":100,"moves":["transform"],"name":"Ditto","nature":"Impish","species":"Ditto"}],"roomid":1018828,"score":[2,6],"seed":[15822,25766,59763,10027],"timestamp":"Sat Dec 28 2019 09:XX","turns":60,"winner":"52456","rated_battle":true,"average_rating":1460}