{"endType":"forfeit","format":"gen8ou","inputLog":[">version aa9f8c6b9cf4eca780a1296832ecd3b0009641e0",">version-origin 5e8529faaa5905c5f8e15eafaaefa806ee8c7d06",">start {\"formatid\":\"gen8ou\",\"seed\":[26733,58774,11500,32801],\"rated\":\"Rated battle\"}",">player p1 {\"\"name\":\"34841\",\"rating\":1635}",">player p2 {\"\"name\":\"48629\",\"rating\":1458}",">p1 team 4, 2, 3, 1, 5, 6",">p2 team 6, 2, 3, 4, 5, 1",">p1 move uturn",">p2 move scald",">p1 switch 2",">p1 move moonblast",">p2 move protect",">p1 move moonblast",">p2 switch 6",">p1 switch 3",">p2 move pyroball",">p1 move stealthrock",">p2 switch 5",">p1 switch 2",">p2 move moonblast",">p1 move ironhead",">p2 move flamethrower",">p1 move roost",">p2 switch 3",">p1 move uturn",">p2 move defog",">p1 switch 3",">p1 move moonblast",">p2 move uturn",">p2 switch 5",">p1 switch 2",">p2 move pyroball",">p1 move stealthrock",">p2 switch 3",">p1 switch 3",">p2 move moonlight",">p1 move ironhead",">p2 switch 5",">p2 switch 3",">p1 move uturn",">p2 move pyroball",">p1 switch 5",">p1 move voltswitch",">p2 move pyroball"],"log":["|raw|<div class=\"broadcast-red\"><strong>This battle is invite-only!<\/strong><br \/>Users must be invited with <code>\/invite<\/code> (or be staff) to join<\/div>","|j|\u260634841","|j|\u260648629","|player|p1|34841|163|1635","|player|p2|48629|265|1458","|teamsize|p1|6","|teamsize|p2|6","|gametype|singles","|gen|8","|tier|[Gen 8] OU","|rated|","|rule|Sleep Clause Mod: Limit one foe put to sleep","|rule|Species Clause: Limit one of each Pok\u00e9mon","|rule|OHKO Clause: OHKO moves are banned","|rule|Evasion Moves Clause: Evasion moves are banned","|rule|Endless Battle Clause: Forcing endless battles is banned","|rule|HP Percentage Mod: HP is shown in percentages","|clearpoke","|poke|p1|Cinderace, F|","|poke|p1|Clefable, F|","|poke|p1|Seismitoad, F|","|poke|p1|Corviknight, M|","|poke|p1|Rotom-Wash|","|poke|p1|Dugtrio, F|","|poke|p2|Cinderace, M|","|poke|p2|Dragapult, M|","|poke|p2|Mandibuzz, F|","|poke|p2|Darmanitan-Galar, F|","|poke|p2|Clefable, F|","|poke|p2|Seismitoad, F|","|rule|Dynamax Clause: You cannot dynamax","|teampreview","|","|start","|switch|p1a: Corviknight|Corviknight, M|400\/400","|switch|p2a: Seismitoad|Seismitoad, F|414\/414","|turn|1","|","|move|p2a: Seismitoad|Scald|p1a: Corviknight","|-damage|p1a: Corviknight|333\/400","|move|p1a: Corviknight|U-turn|p2a: Seismitoad","|-damage|p2a: Seismitoad|372\/414","|","|switch|p1a: Clefable|Clefable, F|347\/347","|","|-heal|p2a: Seismitoad|397\/414|[from] item: Leftovers","|upkeep","|turn|2","|","|move|p2a: Seismitoad|Protect|p2a: Seismitoad","|-singleturn|p2a: Seismitoad|Protect","|move|p1a: Clefable|Moonblast|p2a: Seismitoad","|-activate|p2a: Seismitoad|move: Protect","|","|-heal|p2a: Seismitoad|414\/414|[from] item: Leftovers","|upkeep","|turn|3","|","|switch|p2a: Cinderace|Cinderace, M|301\/301","|move|p1a: Clefable|Moonblast|p2a: Cinderace","|-resisted|p2a: Cinderace","|-damage|p2a: Cinderace|171\/301","|","|upkeep","|turn|4","|","|switch|p1a: Seismitoad|Seismitoad, F|409\/409","|move|p2a: Cinderace|Pyro Ball|p1a: Seismitoad","|-resisted|p1a: Seismitoad","|-damage|p1a: Seismitoad|264\/409","|","|-heal|p1a: Seismitoad|289\/409|[from] item: Leftovers","|upkeep","|turn|5","|","|switch|p2a: Clefable|Clefable, F|380\/380","|move|p1a: Seismitoad|Stealth Rock|p2a: Clefable","|-sidestart48629|move: Stealth Rock","|","|-heal|p1a: Seismitoad|314\/409|[from] item: Leftovers","|upkeep","|turn|6","|","|switch|p1a: Corviknight|Corviknight, M|333\/400","|move|p2a: Clefable|Moonblast|p1a: Corviknight","|-resisted|p1a: Corviknight","|-damage|p1a: Corviknight|251\/400","|","|-heal|p1a: Corviknight|276\/400|[from] item: Leftovers","|upkeep","|turn|7","|","|move|p1a: Corviknight|Iron Head|p2a: Clefable","|-supereffective|p2a: Clefable","|-damage|p2a: Clefable|150\/380","|move|p2a: Clefable|Flamethrower|p1a: Corviknight","|-supereffective|p1a: Corviknight","|-damage|p1a: Corviknight|63\/400","|","|-heal|p1a: Corviknight|88\/400|[from] item: Leftovers","|upkeep","|turn|8","|","|switch|p2a: Mandibuzz|Mandibuzz, F|423\/423","|move|p1a: Corviknight|Roost|p1a: Corviknight","|-heal|p1a: Corviknight|288\/400","|-singleturn|p1a: Corviknight|move: Roost","|","|-heal|p1a: Corviknight|313\/400|[from] item: Leftovers","|upkeep","|turn|9","|","|move|p2a: Mandibuzz|Defog|p1a: Corviknight","|-ability|p1a: Corviknight|Mirror Armor","|-unboost|p2a: Mandibuzz|evasion|1","|-sideend48629|Stealth Rock|[from] move: Defog|[of] p2a: Mandibuzz","|move|p1a: Corviknight|U-turn|p2a: Mandibuzz","|-damage|p2a: Mandibuzz|380\/423","|","|switch|p1a: Clefable|Clefable, F|347\/347","|","|upkeep","|turn|10","|","|move|p1a: Clefable|Moonblast|p2a: Mandibuzz","|-supereffective|p2a: Mandibuzz","|-damage|p2a: Mandibuzz|65\/423","|move|p2a: Mandibuzz|U-turn|p1a: Clefable","|-resisted|p1a: Clefable","|-damage|p1a: Clefable|324\/347","|","|switch|p2a: Cinderace|Cinderace, M|171\/301","|","|upkeep","|turn|11","|","|switch|p1a: Seismitoad|Seismitoad, F|314\/409","|move|p2a: Cinderace|Pyro Ball|p1a: Seismitoad|[miss]","|-miss|p2a: Cinderace|p1a: Seismitoad","|","|-heal|p1a: Seismitoad|339\/409|[from] item: Leftovers","|upkeep","|turn|12","|","|switch|p2a: Clefable|Clefable, F|150\/380","|move|p1a: Seismitoad|Stealth Rock|p2a: Clefable","|-sidestart48629|move: Stealth Rock","|","|-heal|p1a: Seismitoad|364\/409|[from] item: Leftovers","|upkeep","|turn|13","|","|switch|p1a: Corviknight|Corviknight, M|313\/400","|move|p2a: Clefable|Moonlight|p2a: Clefable","|-heal|p2a: Clefable|340\/380","|","|-heal|p1a: Corviknight|338\/400|[from] item: Leftovers","|upkeep","|turn|14","|","|switch|p2a: Mandibuzz|Mandibuzz, F|65\/423","|move|p1a: Corviknight|Iron Head|p2a: Mandibuzz","|-damage|p2a: Mandibuzz|0 fnt","|faint|p2a: Mandibuzz","|","|-heal|p1a: Corviknight|363\/400|[from] item: Leftovers","|upkeep","|","|switch|p2a: Cinderace|Cinderace, M|171\/301","|-damage|p2a: Cinderace|96\/301|[from] Stealth Rock","|turn|15","|","|move|p2a: Cinderace|Pyro Ball|p1a: Corviknight|[miss]","|-miss|p2a: Cinderace|p1a: Corviknight","|move|p1a: Corviknight|U-turn|p2a: Cinderace","|-resisted|p2a: Cinderace","|-damage|p2a: Cinderace|63\/301","|","|switch|p1a: Rotom|Rotom-Wash|303\/303","|","|upkeep","|turn|16","|","|move|p1a: Rotom|Volt Switch|p2a: Cinderace","|-damage|p2a: Cinderace|0 fnt","|faint|p2a: Cinderace","|-message|48629 forfeited.","|","|win|34841","|l|\u260648629","|l|\u260634841","|raw|34841's rating: 1635 &rarr; <strong>1646<\/strong><br \/>(+11 for winning)","|raw|48629's rating: 1458 &rarr; <strong>1447<\/strong><br \/>(-11 for losing)",""],"p1":"34841","p1rating":1635,"p1team":[{"ability":"blaze","evs":{"atk":252,"def":0,"hp":4,"spa":0,"spd":0,"spe":252},"happiness":160,"item":"heavydutyboots","ivs":{"atk":31,"def":31,"hp":31,"spa":31,"spd":31,"spe":31},"level":100,"moves":["courtchange","pyroball","highjumpkick","uturn"],"name":"Cinderace","nature":"Jolly","species":"Cinderace"},{"ability":"magicguard","evs":{"atk":0,"def":0,"hp":64,"spa":252,"spd":0,"spe":192},"happiness":160,"item":"lifeorb","ivs":{"atk":0,"def":31,"hp":31,"spa":31,"spd":31,"spe":31},"level":100,"moves":["moonblast","thunderbolt","flamethrower","moonlight"],"name":"Clefable","nature":"Modest","species":"Clefable"},{"ability":"waterabsorb","evs":{"atk":0,"def":252,"hp":232,"spa":0,"spd":0,"spe":24},"happiness":160,"item":"leftovers","ivs":{"atk":31,"def":31,"hp":31,"spa":31,"spd":31,"spe":31},"level":100,"moves":["stealthrock","scald","earthquake","toxic"],"name":"Seismitoad","nature":"Relaxed","species":"Seismitoad"},{"ability":"mirrorarmor","evs":{"atk":0,"def":40,"hp":252,"spa":0,"spd":182,"spe":36},"happiness":160,"item":"leftovers","ivs":{"atk":31,"def":31,"hp":31,"spa":31,"spd":31,"spe":31},"level":100,"moves":["ironhead","roost","uturn","defog"],"name":"Corviknight","nature":"Careful","species":"Corviknight"},{"ability":"levitate","evs":{"atk":0,"def":0,"hp":248,"spa":44,"spd":0,"spe":216},"gender":"N","happiness":160,"item":"choicescarf","ivs":{"atk":31,"def":31,"hp":31,"spa":31,"spd":31,"spe":31},"level":100,"moves":["voltswitch","hydropump","trick","thunderwave"],"name":"Rotom","nature":"Timid","species":"rotomwash"},{"ability":"arenatrap","evs":{"atk":252,"def":0,"hp":0,"spa":0,"spd":4,"spe":252},"happiness":160,"item":"focussash","ivs":{"atk":31,"def":31,"hp":31,"spa":31,"spd":31,"spe":31},"level":100,"moves":["earthquake","reversal","screech","suckerpunch"],"name":"Dugtrio","nature":"Jolly","species":"Dugtrio"}],"p2":"48629","p2rating":1458,"p2team":[{"ability":"blaze","evs":{"atk":252,"def":0,"hp":0,"spa":0,"spd":4,"spe":252},"happiness":160,"item":"choiceband","ivs":{"atk":31,"def":31,"hp":31,"spa":31,"spd":31,"spe":31},"level":100,"moves":["pyroball","highjumpkick","suckerpunch","uturn"],"name":"Cinderace","nature":"Adamant","species":"Cinderace"},{"ability":"infiltrator","evs":{"atk":252,"def":0,"hp":0,"spa":0,"spd":4,"spe":252},"happiness":160,"item":"focussash","ivs":{"atk":31,"def":31,"hp":31,"spa":31,"spd":31,"spe":31},"level":100,"moves":["dragondance","dragondarts","phantomforce","uturn"],"name":"Dragapult","nature":"Adamant","species":"Dragapult"},{"ability":"overcoat","evs":{"atk":0,"def":8,"hp":248,"spa":0,"spd":252,"spe":0},"gender":"F","happiness":160,"item":"heavydutyboots","ivs":{"atk":31,"def":31,"hp":31,"spa":31,"spd":31,"spe":31},"level":100,"moves":["roost","foulplay","uturn","defog"],"name":"Mandibuzz","nature":"Careful","species":"Mandibuzz"},{"ability":"gorillatactics","evs":{"atk":252,"def":0,"hp":0,"spa":0,"spd":4,"spe":252},"happiness":160,"item":"choicescarf","ivs":{"atk":31,"def":31,"hp":31,"spa":31,"spd":31,"spe":31},"level":100,"moves":["iciclecrash","uturn","earthquake","flareblitz"],"name":"Darmanitan","nature":"Jolly","species":"darmanitangalar"},{"ability":"magicguard","evs":{"atk":0,"def":0,"hp":196,"spa":252,"spd":4,"spe":56},"happiness":160,"item":"lifeorb","ivs":{"atk":0,"def":31,"hp":31,"spa":31,"spd":31,"spe":31},"level":100,"moves":["moonblast","flamethrower","thunderbolt","moonlight"],"name":"Clefable","nature":"Modest","species":"Clefable"},{"ability":"waterabsorb","evs":{"atk":0,"def":252,"hp":252,"spa":0,"spd":4,"spe":0},"happiness":160,"item":"leftovers","ivs":{"atk":0,"def":31,"hp":31,"spa":31,"spd":31,"spe":31},"level":100,"moves":["scald","protect","toxic","stealthrock"],"name":"Seismitoad","nature":"Bold","species":"Seismitoad"}],"roomid":1021051,"score":[6,4],"seed":[26733,58774,11500,32801],"timestamp":"Sat Dec 28 2019 14:XX","turns":16,"winner":"34841","rated_battle":true,"average_rating":1546}