{"endType":"normal","format":"gen8ou","inputLog":[">version aa9f8c6b9cf4eca780a1296832ecd3b0009641e0",">version-origin 5e8529faaa5905c5f8e15eafaaefa806ee8c7d06",">start {\"formatid\":\"gen8ou\",\"seed\":[22509,18501,9461,45668],\"rated\":\"Rated battle\"}",">player p1 {\"\"name\":\"145337\",\"rating\":1444}",">player p2 {\"\"name\":\"3043\",\"rating\":1382}",">p1 team 4, 2, 3, 1, 5, 6",">p2 team 3, 2, 1, 4, 5, 6",">p1 move voltswitch",">p2 move trickroom",">p1 switch 4",">p1 switch 5",">p2 move dazzlinggleam",">p1 switch 4",">p2 move mysticalfire",">p1 move voltswitch",">p2 move psychic",">p1 switch 3",">p1 move moonlight",">p2 move dazzlinggleam",">p1 move flamethrower",">p2 move trickroom",">p2 switch 6",">p1 switch 3",">p2 move ironhead",">p1 move willowisp",">p2 switch 3",">p1 move hydropump",">p2 move poweruppunch",">p1 move thunderbolt",">p2 move brutalswing",">p1 switch 5",">p1 move fishiousrend",">p2 move machpunch",">p2 switch 2",">p1 move fishiousrend",">p2 move discharge",">p1 switch 6",">p1 move darkpulse",">p2 move discharge",">p2 switch 3",">p1 move substitute",">p2 move ironhead",">p1 move darkpulse",">p2 move kingsshield",">p1 move substitute",">p2 move ironhead",">p1 move substitute",">p2 move ironhead",">p1 move substitute",">p2 move kingsshield",">p1 move nastyplot",">p2 move ironhead",">p1 move darkpulse",">p2 move kingsshield",">p1 move darkpulse",">p2 move ironhead",">p2 switch 5",">p1 move darkpulse",">p2 move dragondarts",">p1 switch 3",">p1 move moonblast",">p2 move shadowball",">p2 switch 4",">p1 move flamethrower",">p2 move flareblitz",">p1 switch 4",">p1 move bravebird",">p2 move flareblitz",">p1 switch 2",">p1 move flareblitz",">p2 move flareblitz"],"log":["|j|\u2606145337","|j|\u26063043","|player|p1|145337|99|1444","|player|p2|3043|chuck|1382","|teamsize|p1|6","|teamsize|p2|6","|gametype|singles","|gen|8","|tier|[Gen 8] OU","|rated|","|rule|Sleep Clause Mod: Limit one foe put to sleep","|rule|Species Clause: Limit one of each Pok\u00e9mon","|rule|OHKO Clause: OHKO moves are banned","|rule|Evasion Moves Clause: Evasion moves are banned","|rule|Endless Battle Clause: Forcing endless battles is banned","|rule|HP Percentage Mod: HP is shown in percentages","|clearpoke","|poke|p1|Dracovish|","|poke|p1|Darmanitan-Galar, M|","|poke|p1|Clefable, M|","|poke|p1|Rotom-Wash|","|poke|p1|Corviknight, M|","|poke|p1|Hydreigon, F|","|poke|p2|Conkeldurr, M|","|poke|p2|Rotom-Wash|","|poke|p2|Hatterene, F|","|poke|p2|Darmanitan-Galar, M|","|poke|p2|Dragapult, M|","|poke|p2|Aegislash, M|","|rule|Dynamax Clause: You cannot dynamax","|teampreview","|","|start","|switch|p1a: Rotom|Rotom-Wash|304\/304","|switch|p2a: Misty|Hatterene, F, shiny|318\/318","|turn|1","|","|move|p1a: Rotom|Volt Switch|p2a: Misty","|-damage|p2a: Misty|227\/318","|","|switch|p1a: Dracovish|Dracovish|321\/321","|move|p2a: Misty|Trick Room|p2a: Misty","|-fieldstart|move: Trick Room|[of] p2a: Misty","|","|upkeep","|turn|2","|","|switch|p1a: Corviknight|Corviknight, M|392\/392","|-ability|p1a: Corviknight|Pressure","|move|p2a: Misty|Dazzling Gleam|p1a: Corviknight","|-resisted|p1a: Corviknight","|-damage|p1a: Corviknight|283\/392","|-damage|p2a: Misty|196\/318|[from] item: Life Orb","|","|-heal|p1a: Corviknight|307\/392|[from] item: Leftovers","|upkeep","|turn|3","|","|switch|p1a: Rotom|Rotom-Wash|304\/304","|move|p2a: Misty|Mystical Fire|p1a: Rotom","|-resisted|p1a: Rotom","|-damage|p1a: Rotom|240\/304","|-unboost|p1a: Rotom|spa|1","|-damage|p2a: Misty|165\/318|[from] item: Life Orb","|","|upkeep","|turn|4","|","|move|p2a: Misty|Psychic|p1a: Rotom","|-damage|p1a: Rotom|24\/304","|-enditem|p1a: Rotom|Iapapa Berry|[eat]","|-heal|p1a: Rotom|124\/304|[from] item: Iapapa Berry","|-damage|p2a: Misty|134\/318|[from] item: Life Orb","|move|p1a: Rotom|Volt Switch|p2a: Misty","|-damage|p2a: Misty|82\/318","|","|switch|p1a: Clefable|Clefable, M|389\/389","|","|upkeep","|turn|5","|","|move|p2a: Misty|Dazzling Gleam|p1a: Clefable","|-damage|p1a: Clefable|233\/389","|-damage|p2a: Misty|51\/318|[from] item: Life Orb","|move|p1a: Clefable|Moonlight|p1a: Clefable","|-heal|p1a: Clefable|389\/389","|","|-fieldend|move: Trick Room","|upkeep","|turn|6","|","|move|p1a: Clefable|Flamethrower|p2a: Misty","|-damage|p2a: Misty|0 fnt","|faint|p2a: Misty","|","|upkeep","|","|switch|p2a: Aegislash|Aegislash, M, shiny|324\/324","|turn|7","|","|switch|p1a: Rotom|Rotom-Wash|124\/304","|-formechange|p2a: Aegislash|Aegislash-Blade||[from] ability: Stance Change","|move|p2a: Aegislash|Iron Head|p1a: Rotom","|-resisted|p1a: Rotom","|-damage|p1a: Rotom|90\/304","|","|upkeep","|turn|8","|","|switch|p2a: Conker|Conkeldurr, M|414\/414","|move|p1a: Rotom|Will-O-Wisp|p2a: Conker","|-status|p2a: Conker|brn","|","|-damage|p2a: Conker|389\/414 brn|[from] brn","|upkeep","|turn|9","|","|move|p1a: Rotom|Hydro Pump|p2a: Conker|[miss]","|-miss|p1a: Rotom|p2a: Conker","|move|p2a: Conker|Power-Up Punch|p1a: Rotom","|-damage|p1a: Rotom|8\/304","|-boost|p2a: Conker|atk|1","|","|-damage|p2a: Conker|364\/414 brn|[from] brn","|upkeep","|turn|10","|","|move|p1a: Rotom|Thunderbolt|p2a: Conker","|-damage|p2a: Conker|246\/414 brn","|move|p2a: Conker|Brutal Swing|p1a: Rotom","|-damage|p1a: Rotom|0 fnt","|faint|p1a: Rotom","|","|-damage|p2a: Conker|221\/414 brn|[from] brn","|upkeep","|","|switch|p1a: Dracovish|Dracovish|321\/321","|turn|11","|","|move|p2a: Conker|Mach Punch|p1a: Dracovish","|-crit|p1a: Dracovish","|-damage|p1a: Dracovish|92\/321","|move|p1a: Dracovish|Fishious Rend|p2a: Conker","|-damage|p2a: Conker|0 fnt","|faint|p2a: Conker","|","|upkeep","|","|switch|p2a: Kid Hero|Rotom-Wash, shiny|304\/304","|turn|12","|","|move|p1a: Dracovish|Fishious Rend|p2a: Kid Hero","|-resisted|p2a: Kid Hero","|-damage|p2a: Kid Hero|22\/304","|move|p2a: Kid Hero|Discharge|p1a: Dracovish","|-damage|p1a: Dracovish|0 fnt","|faint|p1a: Dracovish","|","|upkeep","|","|switch|p1a: Hydreigon|Hydreigon, F|325\/325","|turn|13","|","|move|p1a: Hydreigon|Dark Pulse|p2a: Kid Hero","|-damage|p2a: Kid Hero|0 fnt","|faint|p2a: Kid Hero","|","|upkeep","|","|switch|p2a: Aegislash|Aegislash, M, shiny|324\/324","|turn|14","|","|move|p1a: Hydreigon|Substitute|p1a: Hydreigon","|-start|p1a: Hydreigon|Substitute","|-damage|p1a: Hydreigon|244\/325","|-formechange|p2a: Aegislash|Aegislash-Blade||[from] ability: Stance Change","|move|p2a: Aegislash|Iron Head|p1a: Hydreigon","|-end|p1a: Hydreigon|Substitute","|","|-heal|p1a: Hydreigon|264\/325|[from] item: Leftovers","|upkeep","|turn|15","|","|-formechange|p2a: Aegislash|Aegislash||[from] ability: Stance Change","|move|p2a: Aegislash|King's Shield|p2a: Aegislash","|-singleturn|p2a: Aegislash|Protect","|move|p1a: Hydreigon|Dark Pulse|p2a: Aegislash","|-activate|p2a: Aegislash|move: Protect","|","|-heal|p1a: Hydreigon|284\/325|[from] item: Leftovers","|upkeep","|turn|16","|","|move|p1a: Hydreigon|Substitute|p1a: Hydreigon","|-start|p1a: Hydreigon|Substitute","|-damage|p1a: Hydreigon|203\/325","|-formechange|p2a: Aegislash|Aegislash-Blade||[from] ability: Stance Change","|move|p2a: Aegislash|Iron Head|p1a: Hydreigon","|-end|p1a: Hydreigon|Substitute","|","|-heal|p1a: Hydreigon|223\/325|[from] item: Leftovers","|upkeep","|turn|17","|","|move|p1a: Hydreigon|Substitute|p1a: Hydreigon","|-start|p1a: Hydreigon|Substitute","|-damage|p1a: Hydreigon|142\/325","|move|p2a: Aegislash|Iron Head|p1a: Hydreigon","|-end|p1a: Hydreigon|Substitute","|","|-heal|p1a: Hydreigon|162\/325|[from] item: Leftovers","|upkeep","|turn|18","|","|-formechange|p2a: Aegislash|Aegislash||[from] ability: Stance Change","|move|p2a: Aegislash|King's Shield|p2a: Aegislash","|-singleturn|p2a: Aegislash|Protect","|move|p1a: Hydreigon|Substitute|p1a: Hydreigon","|-start|p1a: Hydreigon|Substitute","|-damage|p1a: Hydreigon|81\/325","|","|-heal|p1a: Hydreigon|101\/325|[from] item: Leftovers","|upkeep","|turn|19","|","|move|p1a: Hydreigon|Nasty Plot|p1a: Hydreigon","|-boost|p1a: Hydreigon|spa|2","|-formechange|p2a: Aegislash|Aegislash-Blade||[from] ability: Stance Change","|move|p2a: Aegislash|Iron Head|p1a: Hydreigon","|-end|p1a: Hydreigon|Substitute","|","|-heal|p1a: Hydreigon|121\/325|[from] item: Leftovers","|upkeep","|turn|20","|","|-formechange|p2a: Aegislash|Aegislash||[from] ability: Stance Change","|move|p2a: Aegislash|King's Shield|p2a: Aegislash","|-singleturn|p2a: Aegislash|Protect","|move|p1a: Hydreigon|Dark Pulse|p2a: Aegislash","|-activate|p2a: Aegislash|move: Protect","|","|-heal|p1a: Hydreigon|141\/325|[from] item: Leftovers","|upkeep","|turn|21","|","|move|p1a: Hydreigon|Dark Pulse|p2a: Aegislash","|-supereffective|p2a: Aegislash","|-damage|p2a: Aegislash|0 fnt","|faint|p2a: Aegislash","|","|-heal|p1a: Hydreigon|161\/325|[from] item: Leftovers","|upkeep","|","|switch|p2a: Shifty|Dragapult, M, shiny|317\/317","|turn|22","|","|move|p2a: Shifty|Dragon Darts|p1a: Hydreigon","|-supereffective|p1a: Hydreigon","|-damage|p1a: Hydreigon|0 fnt","|-hitcount|p1a: Hydreigon|1","|-damage|p2a: Shifty|286\/317|[from] item: Life Orb","|faint|p1a: Hydreigon","|","|upkeep","|","|switch|p1a: Clefable|Clefable, M|389\/389","|turn|23","|","|move|p2a: Shifty|Shadow Ball|p1a: Clefable","|-damage|p1a: Clefable|249\/389","|-damage|p2a: Shifty|255\/317|[from] item: Life Orb","|move|p1a: Clefable|Moonblast|p2a: Shifty","|-supereffective|p2a: Shifty","|-crit|p2a: Shifty","|-damage|p2a: Shifty|0 fnt","|faint|p2a: Shifty","|","|-heal|p1a: Clefable|273\/389|[from] item: Leftovers","|upkeep","|","|switch|p2a: Playboy|Darmanitan-Galar, M, shiny|351\/351","|turn|24","|","|move|p2a: Playboy|Flare Blitz|p1a: Clefable","|-damage|p1a: Clefable|0 fnt","|-damage|p2a: Playboy|261\/351|[from] Recoil","|faint|p1a: Clefable","|","|upkeep","|","|switch|p1a: Corviknight|Corviknight, M|307\/392","|-ability|p1a: Corviknight|Pressure","|turn|25","|","|move|p2a: Playboy|Flare Blitz|p1a: Corviknight","|-supereffective|p1a: Corviknight","|-damage|p1a: Corviknight|0 fnt","|-damage|p2a: Playboy|160\/351|[from] Recoil","|faint|p1a: Corviknight","|","|upkeep","|","|switch|p1a: Darmanitan|Darmanitan-Galar, M|351\/351","|turn|26","|","|move|p2a: Playboy|Flare Blitz|p1a: Darmanitan","|-supereffective|p1a: Darmanitan","|-damage|p1a: Darmanitan|0 fnt","|-damage|p2a: Playboy|44\/351|[from] Recoil","|faint|p1a: Darmanitan","|","|win|3043","|l|\u2606145337","|raw|145337's rating: 1444 &rarr; <strong>1420<\/strong><br \/>(-24 for losing)","|raw|3043's rating: 1382 &rarr; <strong>1406<\/strong><br \/>(+24 for winning)",""],"p1":"145337","p1rating":1444,"p1team":[{"ability":"strongjaw","evs":{"atk":252,"def":4,"hp":0,"spa":0,"spd":0,"spe":252},"gender":"N","happiness":160,"item":"choiceband","ivs":{"atk":31,"def":31,"hp":31,"spa":31,"spd":31,"spe":31},"level":100,"moves":["fishiousrend","crunch","psychicfangs","facade"],"name":"Dracovish","nature":"Adamant","species":"Dracovish"},{"ability":"gorillatactics","evs":{"atk":252,"def":0,"hp":0,"spa":0,"spd":4,"spe":252},"happiness":160,"item":"choicescarf","ivs":{"atk":31,"def":31,"hp":31,"spa":31,"spd":31,"spe":31},"level":100,"moves":["iciclecrash","uturn","flareblitz","earthquake"],"name":"Darmanitan","nature":"Jolly","species":"darmanitangalar"},{"ability":"magicguard","evs":{"atk":0,"def":0,"hp":232,"spa":0,"spd":216,"spe":60},"happiness":160,"item":"leftovers","ivs":{"atk":0,"def":31,"hp":31,"spa":31,"spd":31,"spe":31},"level":100,"moves":["moonblast","stealthrock","flamethrower","moonlight"],"name":"Clefable","nature":"Calm","species":"Clefable"},{"ability":"levitate","evs":{"atk":0,"def":88,"hp":252,"spa":0,"spd":0,"spe":168},"gender":"N","happiness":160,"item":"iapapaberry","ivs":{"atk":0,"def":31,"hp":31,"spa":31,"spd":31,"spe":31},"level":100,"moves":["hydropump","voltswitch","willowisp","thunderbolt"],"name":"Rotom","nature":"Bold","species":"rotomwash"},{"ability":"pressure","evs":{"atk":0,"def":216,"hp":220,"spa":0,"spd":56,"spe":16},"happiness":160,"item":"leftovers","ivs":{"atk":31,"def":31,"hp":31,"spa":31,"spd":31,"spe":31},"level":100,"moves":["bravebird","roost","uturn","defog"],"name":"Corviknight","nature":"Impish","species":"Corviknight"},{"ability":"levitate","evs":{"atk":0,"def":0,"hp":0,"spa":252,"spd":4,"spe":252},"happiness":160,"item":"leftovers","ivs":{"atk":0,"def":31,"hp":31,"spa":31,"spd":31,"spe":31},"level":100,"moves":["darkpulse","substitute","flashcannon","nastyplot"],"name":"Hydreigon","nature":"Timid","species":"Hydreigon"}],"p2":"3043","p2rating":1382,"p2team":[{"ability":"guts","evs":{"atk":80,"def":0,"hp":252,"spa":0,"spd":176,"spe":0},"gender":"M","happiness":160,"item":"flameorb","ivs":{"atk":31,"def":31,"hp":31,"spa":31,"spd":31,"spe":31},"level":100,"moves":["poweruppunch","earthquake","machpunch","brutalswing"],"name":"Conker","nature":"Adamant","species":"conkeldurr"},{"ability":"levitate","evs":{"atk":0,"def":40,"hp":252,"spa":216,"spd":0,"spe":0},"gender":"N","happiness":160,"item":"assaultvest","ivs":{"atk":0,"def":31,"hp":31,"spa":31,"spd":31,"spe":31},"level":100,"moves":["discharge","shadowball","voltswitch","hydropump"],"name":"Kid Hero","nature":"Modest","shiny":true,"species":"rotomwash"},{"ability":"magicbounce","evs":{"atk":0,"def":4,"hp":252,"spa":252,"spd":0,"spe":0},"gender":"F","happiness":160,"item":"lifeorb","ivs":{"atk":0,"def":31,"hp":31,"spa":31,"spd":31,"spe":0},"level":100,"moves":["mysticalfire","trickroom","psychic","dazzlinggleam"],"name":"Misty","nature":"Quiet","shiny":true,"species":"Hatterene"},{"ability":"gorillatactics","evs":{"atk":252,"def":0,"hp":0,"spa":0,"spd":4,"spe":252},"gender":"M","happiness":160,"item":"choicescarf","ivs":{"atk":31,"def":31,"hp":31,"spa":31,"spd":31,"spe":31},"level":100,"moves":["uturn","flareblitz","earthquake","iciclecrash"],"name":"Playboy","nature":"Jolly","shiny":true,"species":"darmanitangalar"},{"ability":"infiltrator","evs":{"atk":0,"def":4,"hp":0,"spa":252,"spd":0,"spe":252},"gender":"M","happiness":160,"item":"lifeorb","ivs":{"atk":31,"def":31,"hp":31,"spa":31,"spd":31,"spe":31},"level":100,"moves":["dragondance","dragondarts","flamethrower","shadowball"],"name":"Shifty","nature":"Rash","shiny":true,"species":"dragapult"},{"ability":"stancechange","evs":{"atk":200,"def":0,"hp":252,"spa":40,"spd":16,"spe":0},"happiness":160,"item":"weaknesspolicy","ivs":{"atk":31,"def":31,"hp":31,"spa":31,"spd":31,"spe":0},"level":100,"moves":["ironhead","shadowsneak","kingsshield","shadowball"],"name":"Aegislash","nature":"Brave","shiny":true,"species":"Aegislash"}],"roomid":1018986,"score":[0,1],"seed":[22509,18501,9461,45668],"timestamp":"Sat Dec 28 2019 23:XX","turns":26,"winner":"3043","rated_battle":true,"average_rating":1413}