{"endType":"forfeit","format":"gen8ou","inputLog":[">version aa9f8c6b9cf4eca780a1296832ecd3b0009641e0",">version-origin 5e8529faaa5905c5f8e15eafaaefa806ee8c7d06",">start {\"formatid\":\"gen8ou\",\"seed\":[33410,58900,46309,26094],\"rated\":\"Rated battle\"}",">player p1 {\"\"name\":\"27026\",\"rating\":1266}",">player p2 {\"\"name\":\"35021\",\"rating\":1245}",">p1 team 6, 2, 3, 4, 5, 1",">p2 team 1, 2, 3, 4, 5, 6",">p1 move icywind",">p2 move taunt",">p1 switch 2",">p2 move lightscreen",">p1 move hyperbeam",">p2 move taunt",">p1 switch 4",">p2 switch 4",">p1 move flamethrower",">p2 move swordsdance",">p2 switch 5",">p1 move dracometeor",">p2 move clangingscales"],"log":["|j|\u260627026","|j|\u260635021","|player|p1|27026|2|1266","|player|p2|35021|n|1245","|teamsize|p1|6","|teamsize|p2|6","|gametype|singles","|gen|8","|tier|[Gen 8] OU","|rated|","|rule|Sleep Clause Mod: Limit one foe put to sleep","|rule|Species Clause: Limit one of each Pok\u00e9mon","|rule|OHKO Clause: OHKO moves are banned","|rule|Evasion Moves Clause: Evasion moves are banned","|rule|Endless Battle Clause: Forcing endless battles is banned","|rule|HP Percentage Mod: HP is shown in percentages","|clearpoke","|poke|p1|Hatterene, F|","|poke|p1|Sylveon, F|","|poke|p1|Corsola-Galar, M|","|poke|p1|Dragapult, M|","|poke|p1|Mimikyu, M|","|poke|p1|Froslass, F|","|poke|p2|Grimmsnarl, M|","|poke|p2|Hawlucha, M|","|poke|p2|Gyarados, F|","|poke|p2|Bisharp, M|","|poke|p2|Kommo-o, M|","|poke|p2|Ferrothorn, M|","|rule|Dynamax Clause: You cannot dynamax","|teampreview","|","|start","|switch|p1a: Froslass|Froslass, F, shiny|281\/281","|switch|p2a: Grimmsnarl|Grimmsnarl, M|354\/354","|turn|1","|","|move|p2a: Grimmsnarl|Taunt|p1a: Froslass","|-start|p1a: Froslass|move: Taunt","|move|p1a: Froslass|Icy Wind|p2a: Grimmsnarl","|-damage|p2a: Grimmsnarl|258\/354","|-unboost|p2a: Grimmsnarl|spe|1","|","|upkeep","|turn|2","|","|switch|p1a: Sylveon|Sylveon, F, shiny|390\/390","|move|p2a: Grimmsnarl|Light Screen|p2a: Grimmsnarl","|-sidestart35021|move: Light Screen","|","|upkeep","|turn|3","|","|move|p2a: Grimmsnarl|Taunt|p1a: Sylveon","|-start|p1a: Sylveon|move: Taunt","|move|p1a: Sylveon|Hyper Beam|p2a: Grimmsnarl|[miss]","|-miss|p1a: Sylveon|p2a: Grimmsnarl","|","|upkeep","|turn|4","|","|switch|p1a: Dragapult|Dragapult, M, shiny|317\/317","|switch|p2a: Bisharp|Bisharp, M|271\/271","|","|upkeep","|turn|5","|","|move|p1a: Dragapult|Flamethrower|p2a: Bisharp","|-supereffective|p2a: Bisharp","|-damage|p2a: Bisharp|0 fnt","|faint|p2a: Bisharp","|","|upkeep","|","|switch|p2a: Kommo-o|Kommo-o, M|291\/291","|turn|6","|","|move|p1a: Dragapult|Draco Meteor|p2a: Kommo-o","|-supereffective|p2a: Kommo-o","|-damage|p2a: Kommo-o|0 fnt","|-unboost|p1a: Dragapult|spa|2","|faint|p2a: Kommo-o","|","|upkeep","|-message|35021 forfeited.","|","|win|27026","|l|\u260635021","|raw|27026's rating: 1266 &rarr; <strong>1290<\/strong><br \/>(+24 for winning)","|raw|35021's rating: 1245 &rarr; <strong>1222<\/strong><br \/>(-23 for losing)",""],"p1":"27026","p1rating":1266,"p1team":[{"ability":"magicbounce","evs":{"atk":0,"def":252,"hp":252,"spa":4,"spd":0,"spe":0},"gender":"F","happiness":160,"item":"leftovers","ivs":{"atk":31,"def":31,"hp":31,"spa":31,"spd":31,"spe":0},"level":100,"moves":["calmmind","drainingkiss","mysticalfire","nuzzle"],"name":"Hatterene","nature":"Relaxed","shiny":true,"species":"Hatterene"},{"ability":"pixilate","evs":{"atk":0,"def":0,"hp":236,"spa":252,"spd":0,"spe":20},"happiness":160,"item":"choicespecs","ivs":{"atk":0,"def":31,"hp":31,"spa":31,"spd":31,"spe":31},"level":100,"moves":["hyperbeam","hypervoice","mysticalfire","psyshock"],"name":"Sylveon","nature":"Modest","shiny":true,"species":"Sylveon"},{"ability":"cursedbody","evs":{"atk":0,"def":252,"hp":252,"spa":0,"spd":4,"spe":0},"happiness":160,"item":"eviolite","ivs":{"atk":0,"def":31,"hp":31,"spa":31,"spd":31,"spe":31},"level":100,"moves":["willowisp","strengthsap","stealthrock","nightshade"],"name":"Corsola","nature":"Bold","shiny":true,"species":"corsolagalar"},{"ability":"infiltrator","evs":{"atk":0,"def":0,"hp":0,"spa":252,"spd":4,"spe":252},"happiness":160,"item":"expertbelt","ivs":{"atk":0,"def":31,"hp":31,"spa":31,"spd":31,"spe":31},"level":100,"moves":["thunderbolt","dracometeor","shadowball","flamethrower"],"name":"Dragapult","nature":"Timid","shiny":true,"species":"Dragapult"},{"ability":"disguise","evs":{"atk":252,"def":0,"hp":0,"spa":0,"spd":4,"spe":252},"happiness":160,"item":"lifeorb","ivs":{"atk":31,"def":31,"hp":31,"spa":31,"spd":31,"spe":31},"level":100,"moves":["playrough","shadowsneak","swordsdance","shadowclaw"],"name":"Mimikyu","nature":"Jolly","shiny":true,"species":"Mimikyu"},{"ability":"cursedbody","evs":{"atk":0,"def":0,"hp":0,"spa":252,"spd":4,"spe":252},"gender":"F","happiness":160,"item":"focussash","ivs":{"atk":0,"def":31,"hp":31,"spa":31,"spd":31,"spe":31},"level":100,"moves":["icywind","destinybond","taunt","spikes"],"name":"Froslass","nature":"Timid","shiny":true,"species":"Froslass"}],"p2":"35021","p2rating":1245,"p2team":[{"ability":"prankster","evs":{"atk":252,"def":0,"hp":92,"spa":0,"spd":0,"spe":164},"gender":"M","happiness":160,"item":"lightclay","ivs":{"atk":31,"def":31,"hp":31,"spa":31,"spd":31,"spe":31},"level":100,"moves":["taunt","lightscreen","reflect","spiritbreak"],"name":"Grimmsnarl","nature":"Adamant","species":"Grimmsnarl"},{"ability":"unburden","evs":{"atk":252,"def":0,"hp":0,"spa":0,"spd":4,"spe":252},"happiness":160,"item":"whiteherb","ivs":{"atk":31,"def":31,"hp":31,"spa":31,"spd":31,"spe":31},"level":100,"moves":["closecombat","swordsdance","bravebird","roost"],"name":"Hawlucha","nature":"Adamant","species":"Hawlucha"},{"ability":"moxie","evs":{"atk":252,"def":0,"hp":0,"spa":0,"spd":4,"spe":252},"happiness":160,"item":"leftovers","ivs":{"atk":31,"def":31,"hp":31,"spa":31,"spd":31,"spe":31},"level":100,"moves":["dragondance","waterfall","earthquake","crunch"],"name":"Gyarados","nature":"Jolly","species":"Gyarados"},{"ability":"defiant","evs":{"atk":252,"def":0,"hp":0,"spa":0,"spd":4,"spe":252},"happiness":160,"item":"lifeorb","ivs":{"atk":31,"def":31,"hp":31,"spa":31,"spd":31,"spe":31},"level":100,"moves":["throatchop","suckerpunch","ironhead","swordsdance"],"name":"Bisharp","nature":"Adamant","species":"Bisharp"},{"ability":"bulletproof","evs":{"atk":4,"def":0,"hp":0,"spa":252,"spd":0,"spe":252},"happiness":160,"item":"throatspray","ivs":{"atk":31,"def":31,"hp":31,"spa":31,"spd":31,"spe":31},"level":100,"moves":["clangoroussoul","clangingscales","drainpunch","flamethrower"],"name":"Kommo-o","nature":"Naive","species":"Kommo-o"},{"ability":"ironbarbs","evs":{"atk":4,"def":252,"hp":252,"spa":0,"spd":0,"spe":0},"happiness":160,"item":"leftovers","ivs":{"atk":31,"def":31,"hp":31,"spa":31,"spd":31,"spe":31},"level":100,"moves":["stealthrock","powerwhip","protect","leechseed"],"name":"Ferrothorn","nature":"Impish","species":"Ferrothorn"}],"roomid":1023662,"score":[6,4],"seed":[33410,58900,46309,26094],"timestamp":"Sat Dec 28 2019 03:XX","turns":6,"winner":"27026","rated_battle":true,"average_rating":1255}