{"endType":"normal","format":"gen8ou","inputLog":[">version aa9f8c6b9cf4eca780a1296832ecd3b0009641e0",">version-origin 5e8529faaa5905c5f8e15eafaaefa806ee8c7d06",">start {\"formatid\":\"gen8ou\",\"seed\":[62027,28019,8533,40687],\"rated\":\"Rated battle\"}",">player p1 {\"\"name\":\"26354\",\"rating\":1236}",">player p2 {\"\"name\":\"1230\",\"rating\":1274}",">p1 team 3, 2, 1, 4, 5, 6",">p2 team 2, 1, 3, 4, 5, 6",">p1 move defog",">p2 move stickyweb",">p1 move overheat",">p2 move reflect",">p1 switch 5",">p2 move uturn",">p2 switch 3",">p1 switch 2",">p2 move substitute",">p1 move tailwind",">p2 move nastyplot",">p1 move hurricane",">p2 move darkpulse",">p1 switch 3",">p1 move outrage",">p2 move darkpulse",">p2 switch 4",">p1 move outrage",">p2 move headsmash",">p1 switch 5",">p1 move strangesteam",">p2 move headsmash",">p2 switch 5",">p1 move toxicspikes",">p2 move earthquake",">p1 switch 2",">p1 move energyball",">p2 switch 2",">p2 switch 6",">p1 move tailwind",">p2 move pyroball",">p1 switch 4",">p1 move earthquake",">p2 move suckerpunch",">p2 switch 2",">p1 move earthquake",">p2 move earthquake",">p1 switch 6",">p1 move shadowball",">p2 move suckerpunch",">p2 switch 3",">p1 move shadowball",">p2 move uturn"],"log":["|j|\u260626354","|j|\u26061230","|player|p1|26354|erika-gen1|1236","|player|p2|1230|80|1274","|teamsize|p1|6","|teamsize|p2|6","|gametype|singles","|gen|8","|tier|[Gen 8] OU","|rated|","|rule|Sleep Clause Mod: Limit one foe put to sleep","|rule|Species Clause: Limit one of each Pok\u00e9mon","|rule|OHKO Clause: OHKO moves are banned","|rule|Evasion Moves Clause: Evasion moves are banned","|rule|Endless Battle Clause: Forcing endless battles is banned","|rule|HP Percentage Mod: HP is shown in percentages","|clearpoke","|poke|p1|Dracovish|","|poke|p1|Pelipper, F|","|poke|p1|Weezing-Galar, M|","|poke|p1|Excadrill, F|","|poke|p1|Whimsicott, M|","|poke|p1|Espeon, F|","|poke|p2|Crawdaunt, F|","|poke|p2|Orbeetle, M|","|poke|p2|Hydreigon, F|","|poke|p2|Aegislash, F|","|poke|p2|Dugtrio, F|","|poke|p2|Cinderace, F|","|rule|Dynamax Clause: You cannot dynamax","|teampreview","|j| EggTimer","|","|start","|switch|p1a: Weezing|Weezing-Galar, M|334\/334","|switch|p2a: Orbeetle|Orbeetle, M|323\/323","|-item|p1a: Weezing|Rocky Helmet|[from] ability: Frisk|[of] p2a: Orbeetle|[identify]","|-fieldstart|move: Misty Terrain|[from] ability: Misty Surge|[of] p1a: Weezing","|turn|1","|","|move|p2a: Orbeetle|Sticky Web|p1a: Weezing","|-sidestart26354|move: Sticky Web","|move|p1a: Weezing|Defog|p2a: Orbeetle","|-unboost|p2a: Orbeetle|evasion|1","|-sideend26354|Sticky Web|[from] move: Defog|[of] p1a: Weezing","|-fieldend|Misty Terrain","|","|upkeep","|turn|2","|","|move|p2a: Orbeetle|Reflect|p2a: Orbeetle","|-sidestart1230|Reflect","|move|p1a: Weezing|Overheat|p2a: Orbeetle","|-supereffective|p2a: Orbeetle","|-damage|p2a: Orbeetle|121\/323","|-unboost|p1a: Weezing|spa|2","|","|upkeep","|turn|3","|","|switch|p1a: Whimsicott|Whimsicott, M|261\/261","|move|p2a: Orbeetle|U-turn|p1a: Whimsicott","|-damage|p1a: Whimsicott|210\/261","|","|switch|p2a: Hydreigon|Hydreigon, F|325\/325","|","|upkeep","|turn|4","|","|switch|p1a: bird friend|Pelipper, F|261\/261","|-weather|RainDance|[from] ability: Drizzle|[of] p1a: bird friend","|move|p2a: Hydreigon|Substitute|p2a: Hydreigon","|-start|p2a: Hydreigon|Substitute","|-damage|p2a: Hydreigon|244\/325","|","|-weather|RainDance|[upkeep]","|upkeep","|turn|5","|","|move|p2a: Hydreigon|Nasty Plot|p2a: Hydreigon","|-boost|p2a: Hydreigon|spa|2","|move|p1a: bird friend|Tailwind|p1a: bird friend","|-sidestart26354|move: Tailwind","|","|-weather|RainDance|[upkeep]","|upkeep","|turn|6","|","|move|p1a: bird friend|Hurricane|p2a: Hydreigon","|-crit|p2a: Hydreigon","|-end|p2a: Hydreigon|Substitute","|move|p2a: Hydreigon|Dark Pulse|p1a: bird friend","|-damage|p1a: bird friend|0 fnt","|faint|p1a: bird friend","|","|-weather|RainDance|[upkeep]","|-sideend1230|Reflect","|upkeep","|","|switch|p1a: euthanization|Dracovish|321\/321","|turn|7","|","|move|p1a: euthanization|Outrage|p2a: Hydreigon","|-supereffective|p2a: Hydreigon","|-damage|p2a: Hydreigon|0 fnt","|faint|p2a: Hydreigon","|","|-weather|RainDance|[upkeep]","|upkeep","|","|switch|p2a: Aegislash|Aegislash, F|262\/262","|turn|8","|","|move|p1a: euthanization|Outrage|p2a: Aegislash|[from]lockedmove","|-resisted|p2a: Aegislash","|-damage|p2a: Aegislash|163\/262","|-formechange|p2a: Aegislash|Aegislash-Blade||[from] ability: Stance Change","|move|p2a: Aegislash|Head Smash|p1a: euthanization","|-damage|p1a: euthanization|0 fnt","|-damage|p2a: Aegislash|2\/262|[from] Recoil","|faint|p1a: euthanization","|","|-weather|RainDance|[upkeep]","|-sideend26354|move: Tailwind","|upkeep","|","|switch|p1a: Weezing|Weezing-Galar, M|334\/334","|-fieldstart|move: Misty Terrain|[from] ability: Misty Surge|[of] p1a: Weezing","|turn|9","|","|move|p2a: Aegislash|Head Smash|p1a: Weezing","|-damage|p1a: Weezing|91\/334","|-damage|p2a: Aegislash|0 fnt|[from] item: Rocky Helmet|[of] p1a: Weezing","|faint|p2a: Aegislash","|move|p1a: Weezing|Strange Steam|p2: Aegislash|[notarget]","|-fail|p1a: Weezing","|","|-weather|RainDance|[upkeep]","|upkeep","|","|switch|p2a: Dugtrio|Dugtrio, F|211\/211","|turn|10","|","|move|p2a: Dugtrio|Earthquake|p1a: Weezing","|-supereffective|p1a: Weezing","|-damage|p1a: Weezing|0 fnt","|faint|p1a: Weezing","|","|-weather|RainDance|[upkeep]","|upkeep","|","|switch|p1a: Whimsicott|Whimsicott, M|210\/261","|turn|11","|","|switch|p2a: Crawdaunt|Crawdaunt, F|268\/268","|move|p1a: Whimsicott|Energy Ball|p2a: Crawdaunt","|-supereffective|p2a: Crawdaunt","|-damage|p2a: Crawdaunt|0 fnt","|faint|p2a: Crawdaunt","|","|-weather|none","|upkeep","|","|switch|p2a: Cinderace|Cinderace, F|301\/301","|turn|12","|","|move|p1a: Whimsicott|Tailwind|p1a: Whimsicott","|-sidestart26354|move: Tailwind","|move|p2a: Cinderace|Pyro Ball|p1a: Whimsicott","|-supereffective|p1a: Whimsicott","|-damage|p1a: Whimsicott|0 fnt","|faint|p1a: Whimsicott","|","|upkeep","|","|switch|p1a: Excadrill|Excadrill, F|361\/361","|-ability|p1a: Excadrill|Mold Breaker","|turn|13","|","|move|p2a: Cinderace|Sucker Punch|p1a: Excadrill","|-damage|p1a: Excadrill|253\/361","|move|p1a: Excadrill|Earthquake|p2a: Cinderace","|-supereffective|p2a: Cinderace","|-damage|p2a: Cinderace|0 fnt","|-damage|p1a: Excadrill|217\/361|[from] item: Life Orb","|faint|p2a: Cinderace","|","|-fieldend|Misty Terrain","|upkeep","|","|switch|p2a: Dugtrio|Dugtrio, F|211\/211","|turn|14","|","|move|p1a: Excadrill|Earthquake|p2a: Dugtrio","|-enditem|p2a: Dugtrio|Focus Sash","|-damage|p2a: Dugtrio|1\/211","|-damage|p1a: Excadrill|181\/361|[from] item: Life Orb","|move|p2a: Dugtrio|Earthquake|p1a: Excadrill","|-supereffective|p1a: Excadrill","|-damage|p1a: Excadrill|0 fnt","|faint|p1a: Excadrill","|","|upkeep","|","|switch|p1a: Espeon|Espeon, F|271\/271","|turn|15","|","|move|p2a: Dugtrio|Sucker Punch|p1a: Espeon","|-supereffective|p1a: Espeon","|-damage|p1a: Espeon|43\/271","|move|p1a: Espeon|Shadow Ball|p2a: Dugtrio","|-damage|p2a: Dugtrio|0 fnt","|faint|p2a: Dugtrio","|","|-sideend26354|move: Tailwind","|upkeep","|","|switch|p2a: Orbeetle|Orbeetle, M|121\/323","|-item|p1a: Espeon|Choice Specs|[from] ability: Frisk|[of] p2a: Orbeetle|[identify]","|turn|16","|","|move|p1a: Espeon|Shadow Ball|p2a: Orbeetle","|-supereffective|p2a: Orbeetle","|-crit|p2a: Orbeetle","|-damage|p2a: Orbeetle|0 fnt","|faint|p2a: Orbeetle","|","|win|26354","|raw|26354's rating: 1236 &rarr; <strong>1264<\/strong><br \/>(+28 for winning)","|raw|1230's rating: 1274 &rarr; <strong>1246<\/strong><br \/>(-28 for losing)",""],"p1":"26354","p1rating":1236,"p1team":[{"ability":"strongjaw","evs":{"atk":252,"def":0,"hp":0,"spa":0,"spd":8,"spe":248},"gender":"N","happiness":160,"item":"choiceband","ivs":{"atk":31,"def":31,"hp":31,"spa":31,"spd":31,"spe":31},"level":100,"moves":["fishiousrend","earthquake","outrage","lowkick"],"name":"euthanization","nature":"Jolly","species":"dracovish"},{"ability":"drizzle","evs":{"atk":0,"def":0,"hp":0,"spa":252,"spd":4,"spe":252},"happiness":160,"item":"damprock","ivs":{"atk":31,"def":31,"hp":31,"spa":31,"spd":31,"spe":31},"level":100,"moves":["tailwind","hydropump","hurricane","uturn"],"name":"bird friend","nature":"Timid","species":"pelipper"},{"ability":"mistysurge","evs":{"atk":0,"def":0,"hp":252,"spa":252,"spd":4,"spe":0},"happiness":160,"item":"rockyhelmet","ivs":{"atk":0,"def":31,"hp":31,"spa":31,"spd":31,"spe":31},"level":100,"moves":["strangesteam","toxicspikes","defog","overheat"],"name":"Weezing","nature":"Modest","species":"weezinggalar"},{"ability":"moldbreaker","evs":{"atk":252,"def":0,"hp":0,"spa":0,"spd":4,"spe":252},"happiness":160,"item":"lifeorb","ivs":{"atk":31,"def":31,"hp":31,"spa":31,"spd":31,"spe":31},"level":100,"moves":["earthquake","ironhead","brickbreak","substitute"],"name":"Excadrill","nature":"Jolly","species":"Excadrill"},{"ability":"prankster","evs":{"atk":0,"def":0,"hp":0,"spa":252,"spd":4,"spe":252},"happiness":160,"item":"focussash","ivs":{"atk":0,"def":31,"hp":31,"spa":31,"spd":31,"spe":31},"level":100,"moves":["tailwind","energyball","taunt","moonblast"],"name":"Whimsicott","nature":"Timid","species":"Whimsicott"},{"ability":"magicbounce","evs":{"atk":0,"def":0,"hp":0,"spa":16,"spd":240,"spe":252},"happiness":160,"item":"choicespecs","ivs":{"atk":0,"def":31,"hp":31,"spa":31,"spd":31,"spe":31},"level":100,"moves":["psychic","shadowball","dazzlinggleam","grassknot"],"name":"Espeon","nature":"Timid","species":"Espeon"}],"p2":"1230","p2rating":1274,"p2team":[{"ability":"adaptability","evs":{"atk":252,"def":0,"hp":4,"spa":0,"spd":0,"spe":252},"happiness":160,"item":"lifeorb","ivs":{"atk":31,"def":31,"hp":31,"spa":31,"spd":31,"spe":31},"level":100,"moves":["closecombat","aquajet","knockoff","crabhammer"],"name":"Crawdaunt","nature":"Adamant","species":"Crawdaunt"},{"ability":"frisk","evs":{"atk":0,"def":0,"hp":248,"spa":0,"spd":8,"spe":252},"happiness":160,"item":"focussash","ivs":{"atk":31,"def":31,"hp":31,"spa":31,"spd":31,"spe":31},"level":100,"moves":["magiccoat","stickyweb","uturn","reflect"],"name":"Orbeetle","nature":"Jolly","species":"Orbeetle"},{"ability":"levitate","evs":{"atk":0,"def":0,"hp":0,"spa":252,"spd":4,"spe":252},"happiness":160,"item":"blackglasses","ivs":{"atk":0,"def":31,"hp":31,"spa":31,"spd":31,"spe":31},"level":100,"moves":["nastyplot","substitute","darkpulse","flashcannon"],"name":"Hydreigon","nature":"Timid","species":"Hydreigon"},{"ability":"stancechange","evs":{"atk":252,"def":0,"hp":4,"spa":0,"spd":0,"spe":252},"happiness":160,"item":"choiceband","ivs":{"atk":31,"def":31,"hp":31,"spa":31,"spd":31,"spe":31},"level":100,"moves":["closecombat","shadowsneak","ironhead","headsmash"],"name":"Aegislash","nature":"Adamant","species":"Aegislash"},{"ability":"arenatrap","evs":{"atk":252,"def":0,"hp":0,"spa":0,"spd":4,"spe":252},"happiness":160,"item":"focussash","ivs":{"atk":31,"def":31,"hp":31,"spa":31,"spd":31,"spe":31},"level":100,"moves":["earthquake","suckerpunch","stealthrock","reversal"],"name":"Dugtrio","nature":"Jolly","species":"Dugtrio"},{"ability":"blaze","evs":{"atk":252,"def":0,"hp":0,"spa":0,"spd":4,"spe":252},"happiness":160,"item":"heavydutyboots","ivs":{"atk":31,"def":31,"hp":31,"spa":31,"spd":31,"spe":31},"level":100,"moves":["uturn","courtchange","pyroball","suckerpunch"],"name":"Cinderace","nature":"Jolly","species":"Cinderace"}],"roomid":102059,"score":[1,0],"seed":[62027,28019,8533,40687],"timestamp":"Mon Dec 30 2019 05:XX","turns":16,"winner":"26354","rated_battle":true,"average_rating":1255}