{"endType":"forfeit","format":"gen8ou","inputLog":[">version aa9f8c6b9cf4eca780a1296832ecd3b0009641e0",">version-origin 5e8529faaa5905c5f8e15eafaaefa806ee8c7d06",">start {\"formatid\":\"gen8ou\",\"seed\":[27400,55034,2528,25385],\"rated\":\"Rated battle\"}",">player p1 {\"\"name\":\"3098\",\"rating\":1635}",">player p2 {\"\"name\":\"27268\",\"rating\":1584}",">p1 team 1, 2, 3, 4, 5, 6",">p2 team 5, 2, 3, 4, 1, 6",">p1 move stealthrock",">p2 move uturn",">p2 switch 6",">p1 switch 2",">p2 move uturn",">p2 switch 3",">p1 switch 4",">p2 move discharge",">p1 move voltswitch",">p2 switch 3",">p1 switch 4",">p1 move throatchop",">p2 move uturn",">p2 switch 5",">p1 move throatchop",">p2 move knockoff",">p1 move suckerpunch",">p2 switch 3",">p1 move throatchop",">p2 move willowisp",">p1 switch 2",">p1 move earthquake",">p2 switch 3",">p2 switch 6",">p1 move earthquake",">p2 move fireblast",">p1 switch 5",">p1 move uturn",">p2 switch 2",">p1 switch 3",">p1 move earthquake",">p2 switch 4",">p2 switch 2",">p1 switch 6",">p2 move dracometeor",">p1 move strengthsap",">p2 switch 3",">p1 switch 4",">p2 move discharge",">p1 move discharge",">p2 move voltswitch",">p2 switch 4",">p1 move discharge",">p2 move firepunch",">p2 switch 4",">p2 switch 3",">p1 move discharge",">p2 move shadowball"],"log":["|raw|<div class=\"broadcast-red\"><strong>This battle is invite-only!<\/strong><br \/>Users must be invited with <code>\/invite<\/code> (or be staff) to join<\/div>","|j|\u26063098","|j|\u260627268","|player|p1|3098|blackbelt-gen4dp|1635","|player|p2|27268|126|1584","|teamsize|p1|6","|teamsize|p2|6","|gametype|singles","|gen|8","|tier|[Gen 8] OU","|rated|","|rule|Sleep Clause Mod: Limit one foe put to sleep","|rule|Species Clause: Limit one of each Pok\u00e9mon","|rule|OHKO Clause: OHKO moves are banned","|rule|Evasion Moves Clause: Evasion moves are banned","|rule|Endless Battle Clause: Forcing endless battles is banned","|rule|HP Percentage Mod: HP is shown in percentages","|clearpoke","|poke|p1|Excadrill, M|","|poke|p1|Bisharp, F|","|poke|p1|Conkeldurr, M|","|poke|p1|Rotom-Mow|","|poke|p1|Dragapult, M|","|poke|p1|Jellicent, F|","|poke|p2|Crawdaunt, F|","|poke|p2|Tyranitar, F|","|poke|p2|Rotom-Wash|","|poke|p2|Excadrill, F|","|poke|p2|Dragapult, M|","|poke|p2|Corviknight, M|","|rule|Dynamax Clause: You cannot dynamax","|teampreview","|","|start","|switch|p1a: Excadrill|Excadrill, M|361\/361","|switch|p2a: Dragapult|Dragapult, M|317\/317","|-ability|p1a: Excadrill|Mold Breaker","|turn|1","|","|move|p2a: Dragapult|U-turn|p1a: Excadrill","|-resisted|p1a: Excadrill","|-damage|p1a: Excadrill|317\/361","|","|switch|p2a: Corviknight|Corviknight, M|399\/399","|move|p1a: Excadrill|Stealth Rock|p2a: Corviknight","|-sidestart27268|move: Stealth Rock","|","|upkeep","|turn|2","|","|switch|p1a: Bisharp|Bisharp, F|271\/271","|move|p2a: Corviknight|U-turn|p1a: Bisharp","|-damage|p1a: Bisharp|226\/271","|","|switch|p2a: Rotom|Rotom-Wash|303\/303","|-damage|p2a: Rotom|266\/303|[from] Stealth Rock","|","|-heal|p2a: Rotom|284\/303|[from] item: Leftovers","|upkeep","|turn|3","|","|switch|p1a: Rotom|Rotom-Mow|241\/241","|move|p2a: Rotom|Discharge|p1a: Rotom","|-resisted|p1a: Rotom","|-damage|p1a: Rotom|220\/241","|","|-heal|p2a: Rotom|302\/303|[from] item: Leftovers","|upkeep","|turn|4","|","|switch|p2a: Corviknight|Corviknight, M|399\/399","|-damage|p2a: Corviknight|350\/399|[from] Stealth Rock","|move|p1a: Rotom|Volt Switch|p2a: Corviknight","|-supereffective|p2a: Corviknight","|-damage|p2a: Corviknight|48\/399","|","|switch|p1a: Bisharp|Bisharp, F|226\/271","|","|-heal|p2a: Corviknight|72\/399|[from] item: Leftovers","|upkeep","|turn|5","|","|move|p1a: Bisharp|Throat Chop|p2a: Corviknight","|-damage|p2a: Corviknight|0 fnt","|-damage|p1a: Bisharp|199\/271|[from] item: Life Orb","|faint|p2a: Corviknight","|","|upkeep","|","|switch|p2a: Crawdaunt|Crawdaunt, F|275\/275","|-damage|p2a: Crawdaunt|241\/275|[from] Stealth Rock","|turn|6","|","|move|p1a: Bisharp|Throat Chop|p2a: Crawdaunt","|-resisted|p2a: Crawdaunt","|-damage|p2a: Crawdaunt|137\/275","|-start|p2a: Crawdaunt|Throat Chop|[silent]","|-damage|p1a: Bisharp|172\/271|[from] item: Life Orb","|move|p2a: Crawdaunt|Knock Off|p1a: Bisharp","|-resisted|p1a: Bisharp","|-damage|p1a: Bisharp|8\/271","|-enditem|p1a: Bisharp|Life Orb|[from] move: Knock Off|[of] p2a: Crawdaunt","|","|upkeep","|turn|7","|","|switch|p2a: Rotom|Rotom-Wash|302\/303","|-damage|p2a: Rotom|265\/303|[from] Stealth Rock","|move|p1a: Bisharp|Sucker Punch||[still]","|-fail|p1a: Bisharp","|","|-heal|p2a: Rotom|283\/303|[from] item: Leftovers","|upkeep","|turn|8","|","|move|p1a: Bisharp|Throat Chop|p2a: Rotom","|-damage|p2a: Rotom|178\/303","|-start|p2a: Rotom|Throat Chop|[silent]","|move|p2a: Rotom|Will-O-Wisp|p1a: Bisharp","|-status|p1a: Bisharp|brn","|","|-heal|p2a: Rotom|196\/303|[from] item: Leftovers","|-damage|p1a: Bisharp|0 fnt|[from] brn","|faint|p1a: Bisharp","|upkeep","|","|switch|p1a: Excadrill|Excadrill, M|317\/361","|-ability|p1a: Excadrill|Mold Breaker","|turn|9","|","|switch|p2a: Crawdaunt|Crawdaunt, F|137\/275","|-damage|p2a: Crawdaunt|103\/275|[from] Stealth Rock","|move|p1a: Excadrill|Earthquake|p2a: Crawdaunt","|-damage|p2a: Crawdaunt|0 fnt","|faint|p2a: Crawdaunt","|","|upkeep","|","|switch|p2a: Dragapult|Dragapult, M|317\/317","|-damage|p2a: Dragapult|278\/317|[from] Stealth Rock","|turn|10","|","|move|p2a: Dragapult|Fire Blast|p1a: Excadrill","|-supereffective|p1a: Excadrill","|-damage|p1a: Excadrill|0 fnt","|faint|p1a: Excadrill","|","|upkeep","|","|switch|p1a: Dragapult|Dragapult, M|317\/317","|turn|11","|","|switch|p2a: Tyranitar|Tyranitar, F|361\/361","|-damage|p2a: Tyranitar|316\/361|[from] Stealth Rock","|-weather|Sandstorm|[from] ability: Sand Stream|[of] p2a: Tyranitar","|move|p1a: Dragapult|U-turn|p2a: Tyranitar","|-supereffective|p2a: Tyranitar","|-damage|p2a: Tyranitar|158\/361","|","|switch|p1a: Conkeldurr|Conkeldurr, M|369\/369","|","|-weather|Sandstorm|[upkeep]","|-damage|p1a: Conkeldurr|346\/369|[from] Sandstorm","|-status|p1a: Conkeldurr|brn|[from] item: Flame Orb","|upkeep","|turn|12","|","|switch|p2a: Excadrill|Excadrill, F|361\/361","|-damage|p2a: Excadrill|350\/361|[from] Stealth Rock","|-ability|p2a: Excadrill|Mold Breaker","|move|p1a: Conkeldurr|Earthquake|p2a: Excadrill","|-supereffective|p2a: Excadrill","|-damage|p2a: Excadrill|0 fnt","|faint|p2a: Excadrill","|","|-weather|Sandstorm|[upkeep]","|-damage|p1a: Conkeldurr|323\/369 brn|[from] Sandstorm","|-damage|p1a: Conkeldurr|300\/369 brn|[from] brn","|upkeep","|","|switch|p2a: Dragapult|Dragapult, M|278\/317","|-damage|p2a: Dragapult|239\/317|[from] Stealth Rock","|turn|13","|","|switch|p1a: Jellicent|Jellicent, F|404\/404","|move|p2a: Dragapult|Draco Meteor|p1a: Jellicent","|-damage|p1a: Jellicent|193\/404","|-unboost|p2a: Dragapult|spa|2","|","|-weather|Sandstorm|[upkeep]","|-damage|p2a: Dragapult|220\/317|[from] Sandstorm","|-damage|p1a: Jellicent|168\/404|[from] Sandstorm","|-heal|p1a: Jellicent|193\/404|[from] item: Leftovers","|upkeep","|turn|14","|","|switch|p2a: Rotom|Rotom-Wash|196\/303","|-damage|p2a: Rotom|159\/303|[from] Stealth Rock","|move|p1a: Jellicent|Strength Sap|p2a: Rotom","|-unboost|p2a: Rotom|atk|1","|-heal|p1a: Jellicent|314\/404","|","|-weather|Sandstorm|[upkeep]","|-damage|p2a: Rotom|141\/303|[from] Sandstorm","|-damage|p1a: Jellicent|289\/404|[from] Sandstorm","|-heal|p2a: Rotom|159\/303|[from] item: Leftovers","|-heal|p1a: Jellicent|314\/404|[from] item: Leftovers","|upkeep","|turn|15","|","|switch|p1a: Rotom|Rotom-Mow|220\/241","|move|p2a: Rotom|Discharge|p1a: Rotom","|-resisted|p1a: Rotom","|-damage|p1a: Rotom|199\/241","|","|-weather|none","|-heal|p2a: Rotom|177\/303|[from] item: Leftovers","|upkeep","|turn|16","|","|move|p1a: Rotom|Discharge|p2a: Rotom","|-damage|p2a: Rotom|6\/303","|move|p2a: Rotom|Volt Switch|p1a: Rotom","|-resisted|p1a: Rotom","|-damage|p1a: Rotom|180\/241","|","|switch|p2a: Tyranitar|Tyranitar, F|158\/361","|-damage|p2a: Tyranitar|113\/361|[from] Stealth Rock","|-weather|Sandstorm|[from] ability: Sand Stream|[of] p2a: Tyranitar","|","|-weather|Sandstorm|[upkeep]","|-damage|p1a: Rotom|165\/241|[from] Sandstorm","|upkeep","|turn|17","|","|move|p1a: Rotom|Discharge|p2a: Tyranitar","|-damage|p2a: Tyranitar|0 fnt","|faint|p2a: Tyranitar","|","|-weather|Sandstorm|[upkeep]","|-damage|p1a: Rotom|150\/241|[from] Sandstorm","|upkeep","|","|switch|p2a: Rotom|Rotom-Wash|6\/303","|-damage|p2a: Rotom|0 fnt|[from] Stealth Rock","|faint|p2a: Rotom","|","|switch|p2a: Dragapult|Dragapult, M|220\/317","|-damage|p2a: Dragapult|181\/317|[from] Stealth Rock","|turn|18","|","|move|p2a: Dragapult|Shadow Ball|p1a: Rotom","|-damage|p1a: Rotom|36\/241","|move|p1a: Rotom|Discharge|p2a: Dragapult","|-resisted|p2a: Dragapult","|-damage|p2a: Dragapult|55\/317","|-status|p2a: Dragapult|par","|","|-weather|Sandstorm|[upkeep]","|-damage|p1a: Rotom|21\/241|[from] Sandstorm","|-damage|p2a: Dragapult|36\/317 par|[from] Sandstorm","|upkeep","|turn|19","|-message|27268 forfeited.","|","|win|3098","|l|\u260627268","|raw|3098's rating: 1635 &rarr; <strong>1652<\/strong><br \/>(+17 for winning)","|raw|27268's rating: 1584 &rarr; <strong>1566<\/strong><br \/>(-18 for losing)",""],"p1":"3098","p1rating":1635,"p1team":[{"ability":"moldbreaker","evs":{"atk":252,"def":0,"hp":0,"spa":0,"spd":4,"spe":252},"happiness":160,"item":"focussash","ivs":{"atk":31,"def":31,"hp":31,"spa":31,"spd":31,"spe":31},"level":100,"moves":["stealthrock","earthquake","ironhead","rapidspin"],"name":"Excadrill","nature":"Jolly","species":"Excadrill"},{"ability":"defiant","evs":{"atk":252,"def":4,"hp":0,"spa":0,"spd":0,"spe":252},"happiness":160,"item":"lifeorb","ivs":{"atk":31,"def":31,"hp":31,"spa":31,"spd":31,"spe":31},"level":100,"moves":["swordsdance","ironhead","throatchop","suckerpunch"],"name":"Bisharp","nature":"Adamant","species":"Bisharp"},{"ability":"guts","evs":{"atk":252,"def":0,"hp":72,"spa":0,"spd":0,"spe":184},"happiness":160,"item":"flameorb","ivs":{"atk":31,"def":31,"hp":31,"spa":31,"spd":31,"spe":31},"level":100,"moves":["drainpunch","machpunch","earthquake","facade"],"name":"Conkeldurr","nature":"Adamant","species":"Conkeldurr"},{"ability":"levitate","evs":{"atk":0,"def":0,"hp":0,"spa":252,"spd":4,"spe":252},"gender":"N","happiness":160,"item":"choicespecs","ivs":{"atk":0,"def":31,"hp":31,"spa":31,"spd":31,"spe":31},"level":100,"moves":["leafstorm","voltswitch","trick","discharge"],"name":"Rotom","nature":"Timid","species":"rotommow"},{"ability":"infiltrator","evs":{"atk":252,"def":0,"hp":0,"spa":0,"spd":4,"spe":252},"happiness":160,"item":"choicescarf","ivs":{"atk":31,"def":31,"hp":31,"spa":31,"spd":31,"spe":31},"level":100,"moves":["dragondarts","uturn","steelwing","phantomforce"],"name":"Dragapult","nature":"Adamant","species":"Dragapult"},{"ability":"waterabsorb","evs":{"atk":0,"def":196,"hp":252,"spa":0,"spd":0,"spe":60},"happiness":160,"item":"leftovers","ivs":{"atk":0,"def":31,"hp":31,"spa":31,"spd":31,"spe":31},"level":100,"moves":["nightshade","strengthsap","willowisp","taunt"],"name":"Jellicent","nature":"Bold","species":"Jellicent"}],"p2":"27268","p2rating":1584,"p2team":[{"ability":"adaptability","evs":{"atk":252,"def":0,"hp":32,"spa":0,"spd":0,"spe":224},"happiness":160,"item":"choiceband","ivs":{"atk":31,"def":31,"hp":31,"spa":31,"spd":31,"spe":31},"level":100,"moves":["aquajet","crabhammer","knockoff","closecombat"],"name":"Crawdaunt","nature":"Adamant","species":"Crawdaunt"},{"ability":"sandstream","evs":{"atk":252,"def":0,"hp":80,"spa":0,"spd":0,"spe":176},"happiness":160,"item":"choiceband","ivs":{"atk":31,"def":31,"hp":31,"spa":31,"spd":31,"spe":31},"level":100,"moves":["crunch","stoneedge","firepunch","earthquake"],"name":"Tyranitar","nature":"Adamant","species":"Tyranitar"},{"ability":"levitate","evs":{"atk":0,"def":252,"hp":248,"spa":8,"spd":0,"spe":0},"gender":"N","happiness":160,"item":"leftovers","ivs":{"atk":0,"def":31,"hp":31,"spa":31,"spd":31,"spe":31},"level":100,"moves":["voltswitch","discharge","hydropump","willowisp"],"name":"Rotom","nature":"Bold","species":"rotomwash"},{"ability":"moldbreaker","evs":{"atk":252,"def":0,"hp":0,"spa":0,"spd":4,"spe":252},"happiness":160,"item":"focussash","ivs":{"atk":31,"def":31,"hp":31,"spa":31,"spd":31,"spe":31},"level":100,"moves":["ironhead","stealthrock","rapidspin","earthquake"],"name":"Excadrill","nature":"Jolly","species":"Excadrill"},{"ability":"clearbody","evs":{"atk":0,"def":0,"hp":0,"spa":252,"spd":4,"spe":252},"happiness":160,"item":"choicescarf","ivs":{"atk":31,"def":31,"hp":31,"spa":31,"spd":31,"spe":31},"level":100,"moves":["uturn","dracometeor","fireblast","shadowball"],"name":"Dragapult","nature":"Modest","species":"Dragapult"},{"ability":"mirrorarmor","evs":{"atk":0,"def":32,"hp":248,"spa":0,"spd":176,"spe":52},"happiness":160,"item":"leftovers","ivs":{"atk":31,"def":31,"hp":31,"spa":31,"spd":31,"spe":31},"level":100,"moves":["bravebird","uturn","defog","roost"],"name":"Corviknight","nature":"Jolly","species":"Corviknight"}],"roomid":1021087,"score":[4,1],"seed":[27400,55034,2528,25385],"timestamp":"Sat Dec 28 2019 02:XX","turns":19,"winner":"3098","rated_battle":true,"average_rating":1609}