{"endType":"normal","format":"gen8ou","inputLog":[">version aa9f8c6b9cf4eca780a1296832ecd3b0009641e0",">version-origin 5e8529faaa5905c5f8e15eafaaefa806ee8c7d06",">start {\"formatid\":\"gen8ou\",\"seed\":[27039,4308,52461,46424],\"rated\":\"Rated battle\"}",">player p1 {\"\"name\":\"44530\",\"rating\":1302}",">player p2 {\"\"name\":\"47525\",\"rating\":1308}",">p1 team 2, 1, 3, 4, 5, 6",">p2 team 2, 1, 3, 4, 5, 6",">p1 move stealthrock",">p2 move liquidation",">p1 move earthquake",">p2 move leechlife",">p1 switch 4",">p1 move taunt",">p2 move stickyweb",">p1 move reflect",">p2 move liquidation",">p1 move lightscreen",">p2 switch 5",">p1 move darkestlariat",">p2 switch 3",">p1 move darkestlariat",">p2 move ironhead",">p2 switch 3",">p1 move taunt",">p2 move substitute",">p1 move darkestlariat",">p2 move hex",">p1 move darkestlariat",">p2 move hex",">p1 switch 3",">p1 move shadowsneak",">p2 move willowisp",">p2 switch 2",">p1 move swordsdance",">p2 move knockoff",">p1 move playrough",">p2 move knockoff",">p2 switch 4",">p1 move swordsdance",">p2 move suckerpunch",">p1 move swordsdance",">p2 move throatchop",">p1 move shadowclaw",">p2 move suckerpunch",">p1 switch 2",">p1 move shellsmash",">p2 move ironhead",">p1 move iciclespear",">p2 move suckerpunch",">p1 move liquidation",">p2 move suckerpunch",">p1 switch 5",">p1 move substitute",">p2 move ironhead",">p1 move drainpunch",">p2 move ironhead",">p2 switch 6",">p1 move bellydrum",">p2 move dazzlinggleam",">p1 switch 6",">p1 move knockoff",">p2 move dazzlinggleam"],"log":["|j|\u260644530","|j|\u260647525","|player|p1|44530|clair|1302","|player|p2|47525|192|1308","|teamsize|p1|6","|teamsize|p2|6","|gametype|singles","|gen|8","|tier|[Gen 8] OU","|rated|","|rule|Sleep Clause Mod: Limit one foe put to sleep","|rule|Species Clause: Limit one of each Pok\u00e9mon","|rule|OHKO Clause: OHKO moves are banned","|rule|Evasion Moves Clause: Evasion moves are banned","|rule|Endless Battle Clause: Forcing endless battles is banned","|rule|HP Percentage Mod: HP is shown in percentages","|clearpoke","|poke|p1|Cloyster, M|","|poke|p1|Excadrill, F|","|poke|p1|Mimikyu, M|","|poke|p1|Grimmsnarl, M|","|poke|p1|Kommo-o, M|","|poke|p1|Crawdaunt, F|","|poke|p2|Obstagoon, M|","|poke|p2|Araquanid, F|","|poke|p2|Excadrill, F|","|poke|p2|Bisharp, F|","|poke|p2|Dragapult, F|","|poke|p2|Togekiss, F|","|rule|Dynamax Clause: You cannot dynamax","|teampreview","|","|start","|switch|p1a: Excadrill|Excadrill, F|361\/361","|switch|p2a: Araquanid|Araquanid, F|277\/277","|-ability|p1a: Excadrill|Mold Breaker","|turn|1","|","|move|p1a: Excadrill|Stealth Rock|p2a: Araquanid","|-sidestart47525|move: Stealth Rock","|move|p2a: Araquanid|Liquidation|p1a: Excadrill","|-supereffective|p1a: Excadrill","|-enditem|p1a: Excadrill|Focus Sash","|-damage|p1a: Excadrill|1\/361","|","|upkeep","|turn|2","|","|move|p1a: Excadrill|Earthquake|p2a: Araquanid","|-resisted|p2a: Araquanid","|-damage|p2a: Araquanid|181\/277","|move|p2a: Araquanid|Leech Life|p1a: Excadrill","|-resisted|p1a: Excadrill","|-damage|p1a: Excadrill|0 fnt","|-heal|p2a: Araquanid|182\/277|[from] drain|[of] p1a: Excadrill","|faint|p1a: Excadrill","|","|upkeep","|","|switch|p1a: Grimmsnarl|Grimmsnarl, M|394\/394","|turn|3","|","|move|p1a: Grimmsnarl|Taunt|p2a: Araquanid","|-start|p2a: Araquanid|move: Taunt","|cant|p2a: Araquanid|move: Taunt|Sticky Web","|","|upkeep","|turn|4","|","|move|p1a: Grimmsnarl|Reflect|p1a: Grimmsnarl","|-sidestart44530|Reflect","|move|p2a: Araquanid|Liquidation|p1a: Grimmsnarl","|-damage|p1a: Grimmsnarl|247\/394","|","|upkeep","|turn|5","|","|switch|p2a: Dragapult|Dragapult, F|341\/341","|-damage|p2a: Dragapult|299\/341|[from] Stealth Rock","|move|p1a: Grimmsnarl|Light Screen|p1a: Grimmsnarl","|-sidestart44530|move: Light Screen","|","|-heal|p2a: Dragapult|320\/341|[from] item: Leftovers","|upkeep","|turn|6","|","|switch|p2a: Excadrill|Excadrill, F|361\/361","|-damage|p2a: Excadrill|350\/361|[from] Stealth Rock","|-ability|p2a: Excadrill|Mold Breaker","|move|p1a: Grimmsnarl|Darkest Lariat|p2a: Excadrill","|-damage|p2a: Excadrill|161\/361","|","|upkeep","|turn|7","|","|move|p2a: Excadrill|Iron Head|p1a: Grimmsnarl","|-supereffective|p1a: Grimmsnarl","|-damage|p1a: Grimmsnarl|37\/394","|move|p1a: Grimmsnarl|Darkest Lariat|p2a: Excadrill","|-damage|p2a: Excadrill|0 fnt","|faint|p2a: Excadrill","|","|upkeep","|","|switch|p2a: Dragapult|Dragapult, F|320\/341","|-damage|p2a: Dragapult|278\/341|[from] Stealth Rock","|turn|8","|","|move|p1a: Grimmsnarl|Taunt|p2a: Dragapult","|-start|p2a: Dragapult|move: Taunt","|cant|p2a: Dragapult|move: Taunt|Substitute","|","|-heal|p2a: Dragapult|299\/341|[from] item: Leftovers","|upkeep","|turn|9","|","|move|p2a: Dragapult|Hex|p1a: Grimmsnarl","|-resisted|p1a: Grimmsnarl","|-damage|p1a: Grimmsnarl|17\/394","|move|p1a: Grimmsnarl|Darkest Lariat|p2a: Dragapult","|-supereffective|p2a: Dragapult","|-damage|p2a: Dragapult|3\/341","|","|-heal|p2a: Dragapult|24\/341|[from] item: Leftovers","|upkeep","|turn|10","|","|move|p2a: Dragapult|Hex|p1a: Grimmsnarl","|-resisted|p1a: Grimmsnarl","|-damage|p1a: Grimmsnarl|0 fnt","|faint|p1a: Grimmsnarl","|","|-heal|p2a: Dragapult|45\/341|[from] item: Leftovers","|-end|p2a: Dragapult|move: Taunt","|upkeep","|","|switch|p1a: Mimikyu|Mimikyu, M|251\/251","|turn|11","|","|move|p1a: Mimikyu|Shadow Sneak|p2a: Dragapult","|-supereffective|p2a: Dragapult","|-damage|p2a: Dragapult|0 fnt","|-damage|p1a: Mimikyu|226\/251|[from] item: Life Orb","|faint|p2a: Dragapult","|","|-sideend44530|Reflect","|upkeep","|","|switch|p2a: Obstagoon|Obstagoon, M|327\/327","|-damage|p2a: Obstagoon|287\/327|[from] Stealth Rock","|turn|12","|","|move|p1a: Mimikyu|Swords Dance|p1a: Mimikyu","|-boost|p1a: Mimikyu|atk|2","|move|p2a: Obstagoon|Knock Off|p1a: Mimikyu","|-activate|p1a: Mimikyu|ability: Disguise","|-damage|p1a: Mimikyu|226\/251","|-enditem|p1a: Mimikyu|Life Orb|[from] move: Knock Off|[of] p2a: Obstagoon","|detailschange|p1a: Mimikyu|Mimikyu-Busted, M","|-damage|p1a: Mimikyu|195\/251|[from] ability: Disguise|[of] p1a: Mimikyu","|","|-sideend44530|move: Light Screen","|-status|p2a: Obstagoon|brn|[from] item: Flame Orb","|upkeep","|turn|13","|","|move|p1a: Mimikyu|Play Rough|p2a: Obstagoon","|-supereffective|p2a: Obstagoon","|-damage|p2a: Obstagoon|0 fnt","|faint|p2a: Obstagoon","|","|upkeep","|","|switch|p2a: Bisharp|Bisharp, F|271\/271","|-damage|p2a: Bisharp|255\/271|[from] Stealth Rock","|turn|14","|","|move|p2a: Bisharp|Sucker Punch||[still]","|-fail|p2a: Bisharp","|move|p1a: Mimikyu|Swords Dance|p1a: Mimikyu","|-boost|p1a: Mimikyu|atk|2","|","|upkeep","|turn|15","|","|move|p1a: Mimikyu|Swords Dance|p1a: Mimikyu","|-boost|p1a: Mimikyu|atk|2","|move|p2a: Bisharp|Throat Chop|p1a: Mimikyu","|-damage|p1a: Mimikyu|18\/251","|-start|p1a: Mimikyu|Throat Chop|[silent]","|","|upkeep","|turn|16","|","|move|p2a: Bisharp|Sucker Punch|p1a: Mimikyu","|-damage|p1a: Mimikyu|0 fnt","|faint|p1a: Mimikyu","|","|upkeep","|","|switch|p1a: Cloyster|Cloyster, M|241\/241","|turn|17","|","|move|p2a: Bisharp|Iron Head|p1a: Cloyster","|-damage|p1a: Cloyster|163\/241","|move|p1a: Cloyster|Shell Smash|p1a: Cloyster","|-unboost|p1a: Cloyster|def|1","|-unboost|p1a: Cloyster|spd|1","|-boost|p1a: Cloyster|atk|2","|-boost|p1a: Cloyster|spa|2","|-boost|p1a: Cloyster|spe|2","|","|upkeep","|turn|18","|","|move|p2a: Bisharp|Sucker Punch|p1a: Cloyster","|-damage|p1a: Cloyster|57\/241","|move|p1a: Cloyster|Icicle Spear|p2a: Bisharp","|-resisted|p2a: Bisharp","|-damage|p2a: Bisharp|217\/271","|-resisted|p2a: Bisharp","|-damage|p2a: Bisharp|175\/271","|-resisted|p2a: Bisharp","|-damage|p2a: Bisharp|136\/271","|-resisted|p2a: Bisharp","|-damage|p2a: Bisharp|96\/271","|-resisted|p2a: Bisharp","|-damage|p2a: Bisharp|56\/271","|-hitcount|p2a: Bisharp|5","|","|upkeep","|turn|19","|","|move|p2a: Bisharp|Sucker Punch|p1a: Cloyster","|-damage|p1a: Cloyster|0 fnt","|faint|p1a: Cloyster","|","|upkeep","|","|switch|p1a: Kommo-o|Kommo-o, M|292\/292","|turn|20","|","|move|p1a: Kommo-o|Substitute|p1a: Kommo-o","|-start|p1a: Kommo-o|Substitute","|-damage|p1a: Kommo-o|219\/292","|move|p2a: Bisharp|Iron Head|p1a: Kommo-o","|-end|p1a: Kommo-o|Substitute","|","|upkeep","|turn|21","|","|move|p1a: Kommo-o|Drain Punch|p2a: Bisharp","|-supereffective|p2a: Bisharp","|-damage|p2a: Bisharp|0 fnt","|-heal|p1a: Kommo-o|247\/292|[from] drain|[of] p2a: Bisharp","|faint|p2a: Bisharp","|","|upkeep","|","|switch|p2a: Togekiss|Togekiss, F|311\/311","|turn|22","|","|move|p1a: Kommo-o|Belly Drum|p1a: Kommo-o","|-damage|p1a: Kommo-o|101\/292","|-setboost|p1a: Kommo-o|atk|6|[from] move: Belly Drum","|move|p2a: Togekiss|Dazzling Gleam|p1a: Kommo-o","|-supereffective|p1a: Kommo-o","|-damage|p1a: Kommo-o|0 fnt","|faint|p1a: Kommo-o","|","|upkeep","|","|switch|p1a: Crawdaunt|Crawdaunt, F|267\/267","|turn|23","|","|move|p2a: Togekiss|Dazzling Gleam|p1a: Crawdaunt","|-supereffective|p1a: Crawdaunt","|-damage|p1a: Crawdaunt|0 fnt","|faint|p1a: Crawdaunt","|","|win|47525","|raw|44530's rating: 1302 &rarr; <strong>1282<\/strong><br \/>(-20 for losing)","|raw|47525's rating: 1308 &rarr; <strong>1328<\/strong><br \/>(+20 for winning)",""],"p1":"44530","p1rating":1302,"p1team":[{"ability":"skilllink","evs":{"atk":252,"def":0,"hp":0,"spa":0,"spd":4,"spe":252},"happiness":160,"item":"kingsrock","ivs":{"atk":31,"def":31,"hp":31,"spa":31,"spd":31,"spe":31},"level":100,"moves":["shellsmash","iciclespear","rockblast","liquidation"],"name":"Cloyster","nature":"Adamant","species":"Cloyster"},{"ability":"moldbreaker","evs":{"atk":252,"def":0,"hp":0,"spa":0,"spd":4,"spe":252},"happiness":160,"item":"focussash","ivs":{"atk":31,"def":31,"hp":31,"spa":31,"spd":31,"spe":31},"level":100,"moves":["stealthrock","rapidspin","swordsdance","earthquake"],"name":"Excadrill","nature":"Jolly","species":"Excadrill"},{"ability":"disguise","evs":{"atk":252,"def":0,"hp":0,"spa":0,"spd":4,"spe":252},"happiness":160,"item":"lifeorb","ivs":{"atk":31,"def":31,"hp":31,"spa":31,"spd":31,"spe":31},"level":100,"moves":["swordsdance","shadowsneak","shadowclaw","playrough"],"name":"Mimikyu","nature":"Jolly","species":"Mimikyu"},{"ability":"prankster","evs":{"atk":4,"def":0,"hp":252,"spa":0,"spd":252,"spe":0},"gender":"M","happiness":160,"item":"lightclay","ivs":{"atk":31,"def":31,"hp":31,"spa":31,"spd":31,"spe":31},"level":100,"moves":["taunt","darkestlariat","lightscreen","reflect"],"name":"Grimmsnarl","nature":"Careful","species":"Grimmsnarl"},{"ability":"bulletproof","evs":{"atk":252,"def":0,"hp":4,"spa":0,"spd":0,"spe":252},"happiness":160,"item":"salacberry","ivs":{"atk":31,"def":31,"hp":31,"spa":31,"spd":31,"spe":31},"level":100,"moves":["substitute","bellydrum","earthquake","drainpunch"],"name":"Kommo-o","nature":"Jolly","species":"Kommo-o"},{"ability":"adaptability","evs":{"atk":252,"def":4,"hp":0,"spa":0,"spd":0,"spe":252},"happiness":160,"item":"lifeorb","ivs":{"atk":31,"def":31,"hp":31,"spa":31,"spd":31,"spe":31},"level":100,"moves":["swordsdance","knockoff","crabhammer","aquajet"],"name":"Crawdaunt","nature":"Adamant","species":"Crawdaunt"}],"p2":"47525","p2rating":1308,"p2team":[{"ability":"guts","evs":{"atk":252,"def":0,"hp":0,"spa":0,"spd":4,"spe":252},"happiness":160,"item":"flameorb","ivs":{"atk":31,"def":31,"hp":31,"spa":31,"spd":31,"spe":31},"level":100,"moves":["knockoff","facade","bulkup","obstruct"],"name":"Obstagoon","nature":"Jolly","species":"Obstagoon"},{"ability":"waterbubble","evs":{"atk":252,"def":0,"hp":0,"spa":0,"spd":4,"spe":252},"happiness":160,"item":"focussash","ivs":{"atk":31,"def":31,"hp":31,"spa":31,"spd":31,"spe":31},"level":100,"moves":["liquidation","leechlife","protect","stickyweb"],"name":"Araquanid","nature":"Adamant","species":"Araquanid"},{"ability":"moldbreaker","evs":{"atk":252,"def":0,"hp":0,"spa":0,"spd":4,"spe":252},"happiness":160,"item":"focussash","ivs":{"atk":31,"def":31,"hp":31,"spa":31,"spd":31,"spe":31},"level":100,"moves":["earthquake","ironhead","rapidspin","stealthrock"],"name":"Excadrill","nature":"Jolly","species":"Excadrill"},{"ability":"defiant","evs":{"atk":252,"def":0,"hp":0,"spa":0,"spd":4,"spe":252},"happiness":160,"item":"lumberry","ivs":{"atk":31,"def":31,"hp":31,"spa":31,"spd":31,"spe":31},"level":100,"moves":["throatchop","ironhead","suckerpunch","swordsdance"],"name":"Bisharp","nature":"Jolly","species":"Bisharp"},{"ability":"clearbody","evs":{"atk":0,"def":16,"hp":96,"spa":184,"spd":0,"spe":212},"happiness":160,"item":"leftovers","ivs":{"atk":0,"def":31,"hp":31,"spa":31,"spd":31,"spe":31},"level":100,"moves":["hex","disable","substitute","willowisp"],"name":"Dragapult","nature":"Timid","species":"Dragapult"},{"ability":"serenegrace","evs":{"atk":0,"def":0,"hp":0,"spa":252,"spd":4,"spe":252},"happiness":160,"item":"heavydutyboots","ivs":{"atk":0,"def":31,"hp":31,"spa":31,"spd":31,"spe":31},"level":100,"moves":["airslash","dazzlinggleam","flamethrower","nastyplot"],"name":"Togekiss","nature":"Timid","species":"Togekiss"}],"roomid":1022434,"score":[0,2],"seed":[27039,4308,52461,46424],"timestamp":"Sat Dec 28 2019 13:XX","turns":23,"winner":"47525","rated_battle":true,"average_rating":1305}