{"endType":"normal","format":"gen8ou","inputLog":[">version aa9f8c6b9cf4eca780a1296832ecd3b0009641e0",">version-origin 5e8529faaa5905c5f8e15eafaaefa806ee8c7d06",">start {\"formatid\":\"gen8ou\",\"seed\":[29094,17553,35312,30165],\"rated\":\"Rated battle\"}",">player p1 {\"\"name\":\"7261\",\"rating\":1371}",">player p2 {\"\"name\":\"27445\",\"rating\":1371}",">p1 team 1, 2, 3, 4, 5, 6",">p2 team 4, 2, 3, 1, 5, 6",">p1 move trickroom",">p2 move moonblast",">p1 move memento",">p2 move moonblast",">p1 switch 5",">p1 move powerwhip",">p2 switch 3",">p1 move ironhead",">p2 move voltswitch",">p2 switch 2",">p1 move heatcrash",">p2 switch 2",">p1 move ironhead",">p2 move voltswitch",">p2 switch 6",">p1 switch 6",">p2 move stealthrock",">p1 move trickroom",">p2 move uturn",">p2 switch 6",">p1 move healingwish",">p2 switch 6",">p1 switch 6",">p1 move powerwhip",">p2 move aurasphere",">p2 switch 3",">p1 move ironhead",">p2 move fireblast",">p2 switch 2",">p1 move heatcrash",">p2 switch 6",">p2 switch 6",">p1 move heatcrash",">p2 move entrainment",">p2 switch 4",">p1 move heatcrash",">p2 move substitute",">p1 move ironhead",">p2 move honeclaws",">p1 move ironhead",">p2 move substitute",">p1 move ironhead",">p2 move honeclaws",">p1 move ironhead",">p2 move substitute",">p1 move heatcrash",">p2 move earthquake",">p1 switch 2",">p1 move machpunch",">p2 move earthquake",">p1 move machpunch",">p2 switch 5",">p1 move machpunch",">p2 move overdrive",">p1 switch 4",">p1 move aquajet",">p2 move overdrive",">p2 switch 5",">p1 move aquajet",">p2 move earthquake"],"log":["|j|\u26067261","|j|\u260627445","|player|p1|7261|ghetsis-gen5bw|1371","|player|p2|27445|70|1371","|teamsize|p1|6","|teamsize|p2|6","|gametype|singles","|gen|8","|tier|[Gen 8] OU","|rated|","|rule|Sleep Clause Mod: Limit one foe put to sleep","|rule|Species Clause: Limit one of each Pok\u00e9mon","|rule|OHKO Clause: OHKO moves are banned","|rule|Evasion Moves Clause: Evasion moves are banned","|rule|Endless Battle Clause: Forcing endless battles is banned","|rule|HP Percentage Mod: HP is shown in percentages","|clearpoke","|poke|p1|Runerigus, M|","|poke|p1|Conkeldurr, M|","|poke|p1|Hatterene, F|","|poke|p1|Crawdaunt, M|","|poke|p1|Copperajah, M|","|poke|p1|Musharna, F|","|poke|p2|Dugtrio, F|","|poke|p2|Durant, M|","|poke|p2|Rotom-Wash|","|poke|p2|Clefable, M|","|poke|p2|Toxtricity, M|","|poke|p2|Mew|","|rule|Dynamax Clause: You cannot dynamax","|teampreview","|j| Oemmel","|","|start","|switch|p1a: Runerigus|Runerigus, M|320\/320","|switch|p2a: Clefable|Clefable, M|394\/394","|turn|1","|","|move|p2a: Clefable|Moonblast|p1a: Runerigus","|-damage|p1a: Runerigus|171\/320","|move|p1a: Runerigus|Trick Room|p1a: Runerigus","|-fieldstart|move: Trick Room|[of] p1a: Runerigus","|","|upkeep","|turn|2","|","|move|p1a: Runerigus|Memento|p2a: Clefable","|-unboost|p2a: Clefable|atk|2","|-unboost|p2a: Clefable|spa|2","|faint|p1a: Runerigus","|move|p2a: Clefable|Moonblast|p1: Runerigus|[notarget]","|-fail|p2a: Clefable","|","|upkeep","|","|switch|p1a: Copperajah|Copperajah, M|447\/447","|turn|3","|","|switch|p2a: Rotom|Rotom-Wash|241\/241","|move|p1a: Copperajah|Power Whip|p2a: Rotom|[miss]","|-miss|p1a: Copperajah|p2a: Rotom","|","|upkeep","|turn|4","|","|move|p1a: Copperajah|Iron Head|p2a: Rotom","|-resisted|p2a: Rotom","|-damage|p2a: Rotom|175\/241","|move|p2a: Rotom|Volt Switch|p1a: Copperajah","|-damage|p1a: Copperajah|290\/447","|","|switch|p2a: Durant|Durant, M|257\/257","|","|upkeep","|turn|5","|","|switch|p2a: Rotom|Rotom-Wash|175\/241","|move|p1a: Copperajah|Heat Crash|p2a: Rotom","|-resisted|p2a: Rotom","|-damage|p2a: Rotom|74\/241","|-damage|p1a: Copperajah|246\/447|[from] item: Life Orb","|","|-fieldend|move: Trick Room","|upkeep","|turn|6","|","|move|p2a: Rotom|Volt Switch|p1a: Copperajah","|-crit|p1a: Copperajah","|-damage|p1a: Copperajah|23\/447","|","|switch|p2a: Mew|Mew|341\/341","|move|p1a: Copperajah|Iron Head|p2a: Mew","|-damage|p2a: Mew|82\/341","|","|-heal|p2a: Mew|103\/341|[from] item: Leftovers","|upkeep","|turn|7","|","|switch|p1a: Musharna|Musharna, F|435\/435","|-activate|p1a: Musharna|ability: Forewarn|Psychic|[of] p2a: Mew","|move|p2a: Mew|Stealth Rock|p1a: Musharna","|-sidestart7261|move: Stealth Rock","|","|-heal|p2a: Mew|124\/341|[from] item: Leftovers","|upkeep","|turn|8","|","|move|p2a: Mew|U-turn|p1a: Musharna","|-supereffective|p1a: Musharna","|-damage|p1a: Musharna|327\/435","|","|switch|p2a: Rotom|Rotom-Wash|74\/241","|move|p1a: Musharna|Trick Room|p1a: Musharna","|-fieldstart|move: Trick Room|[of] p1a: Musharna","|","|upkeep","|turn|9","|","|switch|p2a: Mew|Mew|124\/341","|move|p1a: Musharna|Healing Wish|p1a: Musharna","|faint|p1a: Musharna","|","|-heal|p2a: Mew|145\/341|[from] item: Leftovers","|upkeep","|","|switch|p1a: Copperajah|Copperajah, M|23\/447","|-heal|p1a: Copperajah|447\/447|[from] move: Healing Wish","|-damage|p1a: Copperajah|420\/447|[from] Stealth Rock","|turn|10","|","|move|p1a: Copperajah|Power Whip|p2a: Mew","|-damage|p2a: Mew|0 fnt","|-damage|p1a: Copperajah|376\/447|[from] item: Life Orb","|faint|p2a: Mew","|","|upkeep","|","|switch|p2a: Clefable|Clefable, M|394\/394","|turn|11","|","|move|p1a: Copperajah|Iron Head|p2a: Clefable","|-supereffective|p2a: Clefable","|-damage|p2a: Clefable|0 fnt","|faint|p2a: Clefable","|","|upkeep","|","|switch|p2a: Durant|Durant, M|257\/257","|turn|12","|","|switch|p2a: Rotom|Rotom-Wash|74\/241","|move|p1a: Copperajah|Heat Crash|p2a: Rotom","|-resisted|p2a: Rotom","|-damage|p2a: Rotom|0 fnt","|-damage|p1a: Copperajah|332\/447|[from] item: Life Orb","|faint|p2a: Rotom","|","|-fieldend|move: Trick Room","|upkeep","|","|switch|p2a: Durant|Durant, M|257\/257","|turn|13","|","|move|p2a: Durant|Entrainment|p1a: Copperajah","|-endability|p1a: Copperajah|Sheer Force|[from] move: Entrainment","|-ability|p1a: Copperajah|Truant|[from] move: Entrainment","|move|p1a: Copperajah|Heat Crash|p2a: Durant","|-supereffective|p2a: Durant","|-damage|p2a: Durant|0 fnt","|-damage|p1a: Copperajah|288\/447|[from] item: Life Orb","|faint|p2a: Durant","|","|upkeep","|","|switch|p2a: Dugtrio|Dugtrio, F|212\/212","|turn|14","|","|move|p2a: Dugtrio|Substitute|p2a: Dugtrio","|-start|p2a: Dugtrio|Substitute","|-damage|p2a: Dugtrio|159\/212","|cant|p1a: Copperajah|ability: Truant","|","|upkeep","|turn|15","|","|move|p2a: Dugtrio|Hone Claws|p2a: Dugtrio","|-boost|p2a: Dugtrio|atk|1","|-boost|p2a: Dugtrio|accuracy|1","|move|p1a: Copperajah|Iron Head|p2a: Dugtrio","|-end|p2a: Dugtrio|Substitute","|-damage|p1a: Copperajah|244\/447|[from] item: Life Orb","|","|upkeep","|turn|16","|","|move|p2a: Dugtrio|Substitute|p2a: Dugtrio","|-start|p2a: Dugtrio|Substitute","|-damage|p2a: Dugtrio|106\/212","|cant|p1a: Copperajah|ability: Truant","|","|upkeep","|turn|17","|","|move|p2a: Dugtrio|Hone Claws|p2a: Dugtrio","|-boost|p2a: Dugtrio|atk|1","|-boost|p2a: Dugtrio|accuracy|1","|move|p1a: Copperajah|Iron Head|p2a: Dugtrio","|-end|p2a: Dugtrio|Substitute","|-damage|p1a: Copperajah|200\/447|[from] item: Life Orb","|","|upkeep","|turn|18","|","|move|p2a: Dugtrio|Substitute|p2a: Dugtrio","|-start|p2a: Dugtrio|Substitute","|-damage|p2a: Dugtrio|53\/212","|-enditem|p2a: Dugtrio|Salac Berry|[eat]","|-boost|p2a: Dugtrio|spe|1","|cant|p1a: Copperajah|ability: Truant","|","|upkeep","|turn|19","|","|move|p2a: Dugtrio|Earthquake|p1a: Copperajah","|-supereffective|p1a: Copperajah","|-damage|p1a: Copperajah|0 fnt","|faint|p1a: Copperajah","|","|upkeep","|","|switch|p1a: Conkeldurr|Conkeldurr, M|413\/413","|-damage|p1a: Conkeldurr|388\/413|[from] Stealth Rock","|turn|20","|","|move|p1a: Conkeldurr|Mach Punch|p2a: Dugtrio","|-end|p2a: Dugtrio|Substitute","|move|p2a: Dugtrio|Earthquake|p1a: Conkeldurr","|-damage|p1a: Conkeldurr|66\/413","|","|-status|p1a: Conkeldurr|brn|[from] item: Flame Orb","|upkeep","|turn|21","|","|switch|p2a: Toxtricity|Toxtricity, M|291\/291","|move|p1a: Conkeldurr|Mach Punch|p2a: Toxtricity","|-resisted|p2a: Toxtricity","|-damage|p2a: Toxtricity|209\/291","|","|-damage|p1a: Conkeldurr|41\/413 brn|[from] brn","|upkeep","|turn|22","|","|move|p1a: Conkeldurr|Mach Punch|p2a: Toxtricity","|-resisted|p2a: Toxtricity","|-damage|p2a: Toxtricity|125\/291","|move|p2a: Toxtricity|Overdrive|p1a: Conkeldurr","|-damage|p1a: Conkeldurr|0 fnt","|faint|p1a: Conkeldurr","|","|upkeep","|","|switch|p1a: Crawdaunt|Crawdaunt, M|329\/329","|-damage|p1a: Crawdaunt|288\/329|[from] Stealth Rock","|turn|23","|","|move|p1a: Crawdaunt|Aqua Jet|p2a: Toxtricity","|-damage|p2a: Toxtricity|0 fnt","|-damage|p1a: Crawdaunt|256\/329|[from] item: Life Orb","|faint|p2a: Toxtricity","|","|upkeep","|","|switch|p2a: Dugtrio|Dugtrio, F|53\/212","|turn|24","|","|move|p1a: Crawdaunt|Aqua Jet|p2a: Dugtrio","|-supereffective|p2a: Dugtrio","|-damage|p2a: Dugtrio|0 fnt","|-damage|p1a: Crawdaunt|224\/329|[from] item: Life Orb","|faint|p2a: Dugtrio","|","|win|7261","|l|\u26067261","|l| Oemmel","|raw|7261's rating: 1390 &rarr; <strong>1409<\/strong><br \/>(+19 for winning)","|raw|27445's rating: 1371 &rarr; <strong>1353<\/strong><br \/>(-18 for losing)",""],"p1":"7261","p1rating":1371,"p1team":[{"ability":"wanderingspirit","evs":{"atk":0,"def":108,"hp":252,"spa":0,"spd":148,"spe":0},"gender":"M","happiness":160,"item":"mentalherb","ivs":{"atk":0,"def":31,"hp":31,"spa":31,"spd":31,"spe":0},"level":100,"moves":["stealthrock","trickroom","taunt","memento"],"name":"Runerigus","nature":"Relaxed","species":"Runerigus"},{"ability":"guts","evs":{"atk":252,"def":0,"hp":248,"spa":0,"spd":8,"spe":0},"gender":"M","happiness":160,"item":"flameorb","ivs":{"atk":31,"def":31,"hp":31,"spa":31,"spd":31,"spe":0},"level":100,"moves":["closecombat","facade","earthquake","machpunch"],"name":"Conkeldurr","nature":"Brave","species":"Conkeldurr"},{"ability":"magicbounce","evs":{"atk":0,"def":8,"hp":248,"spa":252,"spd":0,"spe":0},"gender":"F","happiness":160,"item":"lifeorb","ivs":{"atk":0,"def":31,"hp":31,"spa":31,"spd":31,"spe":0},"level":100,"moves":["trickroom","psychic","dazzlinggleam","mysticalfire"],"name":"Hatterene","nature":"Quiet","species":"Hatterene"},{"ability":"adaptability","evs":{"atk":252,"def":0,"hp":248,"spa":0,"spd":8,"spe":0},"gender":"M","happiness":160,"item":"lifeorb","ivs":{"atk":31,"def":31,"hp":31,"spa":31,"spd":31,"spe":0},"level":100,"moves":["swordsdance","crabhammer","knockoff","aquajet"],"name":"Crawdaunt","nature":"Brave","species":"Crawdaunt"},{"ability":"sheerforce","evs":{"atk":252,"def":0,"hp":248,"spa":0,"spd":8,"spe":0},"gender":"M","happiness":160,"item":"lifeorb","ivs":{"atk":31,"def":31,"hp":31,"spa":31,"spd":31,"spe":0},"level":100,"moves":["ironhead","heatcrash","bulldoze","powerwhip"],"name":"Copperajah","nature":"Brave","species":"Copperajah"},{"ability":"forewarn","evs":{"atk":0,"def":84,"hp":248,"spa":0,"spd":176,"spe":0},"gender":"F","happiness":160,"item":"kasibberry","ivs":{"atk":0,"def":31,"hp":31,"spa":31,"spd":31,"spe":0},"level":100,"moves":["trickroom","healingwish","psychic","moonlight"],"name":"Musharna","nature":"Sassy","species":"Musharna"}],"p2":"27445","p2rating":1371,"p2team":[{"ability":"arenatrap","evs":{"atk":252,"def":0,"hp":4,"spa":0,"spd":0,"spe":252},"happiness":160,"item":"salacberry","ivs":{"atk":31,"def":31,"hp":31,"spa":31,"spd":31,"spe":31},"level":100,"moves":["stoneedge","earthquake","honeclaws","substitute"],"name":"Dugtrio","nature":"Jolly","species":"Dugtrio"},{"ability":"truant","evs":{"atk":252,"def":0,"hp":0,"spa":0,"spd":0,"spe":252},"happiness":160,"item":"ejectbutton","ivs":{"atk":31,"def":31,"hp":31,"spa":31,"spd":31,"spe":31},"level":100,"moves":["entrainment","firstimpression","ironhead","superpower"],"name":"Durant","nature":"Jolly","species":"Durant"},{"ability":"levitate","evs":{"atk":0,"def":0,"hp":0,"spa":252,"spd":4,"spe":252},"gender":"N","happiness":160,"item":"choicescarf","ivs":{"atk":0,"def":31,"hp":31,"spa":31,"spd":31,"spe":31},"level":100,"moves":["voltswitch","hydropump","willowisp","trick"],"name":"Rotom","nature":"Timid","species":"rotomwash"},{"ability":"magicguard","evs":{"atk":0,"def":0,"hp":252,"spa":252,"spd":4,"spe":0},"happiness":160,"item":"lifeorb","ivs":{"atk":0,"def":31,"hp":31,"spa":31,"spd":31,"spe":31},"level":100,"moves":["moonblast","moonlight","fireblast","thunderbolt"],"name":"Clefable","nature":"Modest","species":"Clefable"},{"ability":"punkrock","evs":{"atk":0,"def":0,"hp":0,"spa":252,"spd":4,"spe":252},"happiness":160,"item":"choicescarf","ivs":{"atk":0,"def":31,"hp":31,"spa":31,"spd":31,"spe":31},"level":100,"moves":["boomburst","overdrive","voltswitch","snarl"],"name":"Toxtricity","nature":"Timid","species":"Toxtricity"},{"ability":"synchronize","evs":{"atk":0,"def":0,"hp":0,"spa":252,"spd":4,"spe":252},"gender":"N","happiness":160,"item":"leftovers","ivs":{"atk":31,"def":31,"hp":31,"spa":31,"spd":31,"spe":31},"level":100,"moves":["stealthrock","uturn","psychic","aurasphere"],"name":"Mew","nature":"Timid","species":"Mew"}],"roomid":1020931,"score":[2,0],"seed":[29094,17553,35312,30165],"timestamp":"Sat Dec 28 2019 18:XX","turns":24,"winner":"7261","rated_battle":true,"average_rating":1371}