{"endType":"forfeit","format":"gen8ou","inputLog":[">version aa9f8c6b9cf4eca780a1296832ecd3b0009641e0",">version-origin 5e8529faaa5905c5f8e15eafaaefa806ee8c7d06",">start {\"formatid\":\"gen8ou\",\"seed\":[22442,29647,11207,3790],\"rated\":\"Rated battle\"}",">player p1 {\"\"name\":\"878\",\"rating\":1225}",">player p2 {\"\"name\":\"31872\",\"rating\":1193}",">p1 team 4, 2, 3, 1, 5, 6",">p2 team 2, 1, 3, 4, 5, 6",">p1 move earthpower",">p2 move shadowball",">p1 move sludgebomb",">p2 move shadowball",">p1 move earthpower",">p2 move shadowball",">p1 switch 5",">p2 switch 6",">p1 move thunderbolt",">p2 move dazzlinggleam",">p1 switch 4",">p1 move fishiousrend",">p2 move dazzlinggleam"],"log":["|j|\u2606878","|j|\u260631872","|player|p1|878|156|1225","|player|p2|31872|ethan|1193","|teamsize|p1|6","|teamsize|p2|6","|gametype|singles","|gen|8","|tier|[Gen 8] OU","|rated|","|rule|Sleep Clause Mod: Limit one foe put to sleep","|rule|Species Clause: Limit one of each Pok\u00e9mon","|rule|OHKO Clause: OHKO moves are banned","|rule|Evasion Moves Clause: Evasion moves are banned","|rule|Endless Battle Clause: Forcing endless battles is banned","|rule|HP Percentage Mod: HP is shown in percentages","|clearpoke","|poke|p1|Dracovish|","|poke|p1|Ferrothorn, F|","|poke|p1|Clefable, M|","|poke|p1|Seismitoad, F|","|poke|p1|Dragapult, M|","|poke|p1|Mandibuzz, F|","|poke|p2|Darmanitan-Galar, F|","|poke|p2|Dragapult, M|","|poke|p2|Dracovish|","|poke|p2|Quagsire, F|","|poke|p2|Corsola-Galar, F|","|poke|p2|Togekiss, F|","|rule|Dynamax Clause: You cannot dynamax","|teampreview","|","|start","|switch|p1a: Seismitoad|Seismitoad, F|352\/352","|switch|p2a: Dragopult|Dragapult, M|317\/317","|turn|1","|","|move|p2a: Dragopult|Shadow Ball|p1a: Seismitoad","|-damage|p1a: Seismitoad|218\/352","|-unboost|p1a: Seismitoad|spd|1","|-damage|p2a: Dragopult|286\/317|[from] item: Life Orb","|move|p1a: Seismitoad|Earth Power|p2a: Dragopult","|-damage|p2a: Dragopult|124\/317","|","|-heal|p1a: Seismitoad|240\/352|[from] item: Leftovers","|upkeep","|turn|2","|","|move|p2a: Dragopult|Shadow Ball|p1a: Seismitoad","|-damage|p1a: Seismitoad|36\/352","|-unboost|p1a: Seismitoad|spd|1","|-damage|p2a: Dragopult|93\/317|[from] item: Life Orb","|move|p1a: Seismitoad|Sludge Bomb|p2a: Dragopult","|-resisted|p2a: Dragopult","|-damage|p2a: Dragopult|40\/317","|-status|p2a: Dragopult|psn","|","|-heal|p1a: Seismitoad|58\/352|[from] item: Leftovers","|-damage|p2a: Dragopult|1\/317 psn|[from] psn","|upkeep","|turn|3","|","|move|p2a: Dragopult|Shadow Ball|p1a: Seismitoad","|-damage|p1a: Seismitoad|0 fnt","|-damage|p2a: Dragopult|0 fnt|[from] item: Life Orb","|faint|p1a: Seismitoad","|faint|p2a: Dragopult","|","|upkeep","|","|switch|p2a: Togekis|Togekiss, F|311\/311","|switch|p1a: Dragapult|Dragapult, M|317\/317","|turn|4","|","|move|p1a: Dragapult|Thunderbolt|p2a: Togekis","|-supereffective|p2a: Togekis","|-damage|p2a: Togekis|89\/311","|move|p2a: Togekis|Dazzling Gleam|p1a: Dragapult","|-supereffective|p1a: Dragapult","|-damage|p1a: Dragapult|0 fnt","|faint|p1a: Dragapult","|","|-heal|p2a: Togekis|108\/311|[from] item: Leftovers","|upkeep","|","|switch|p1a: Dracovish|Dracovish|322\/322","|turn|5","|","|move|p2a: Togekis|Dazzling Gleam|p1a: Dracovish","|-supereffective|p1a: Dracovish","|-damage|p1a: Dracovish|0 fnt","|faint|p1a: Dracovish","|","|-heal|p2a: Togekis|127\/311|[from] item: Leftovers","|upkeep","|-message|878 forfeited.","|","|win|31872","|l|\u2606878","|raw|878's rating: 1225 &rarr; <strong>1197<\/strong><br \/>(-28 for losing)","|raw|31872's rating: 1193 &rarr; <strong>1220<\/strong><br \/>(+27 for winning)",""],"p1":"878","p1rating":1225,"p1team":[{"ability":"strongjaw","evs":{"atk":252,"def":0,"hp":4,"spa":0,"spd":0,"spe":252},"gender":"N","happiness":160,"item":"choiceband","ivs":{"atk":31,"def":31,"hp":31,"spa":31,"spd":31,"spe":31},"level":100,"moves":["crunch","fishiousrend","lowkick","zenheadbutt"],"name":"Dracovish","nature":"Adamant","species":"Dracovish"},{"ability":"ironbarbs","evs":{"atk":4,"def":252,"hp":252,"spa":0,"spd":0,"spe":0},"happiness":160,"item":"rockyhelmet","ivs":{"atk":31,"def":31,"hp":31,"spa":31,"spd":31,"spe":31},"level":100,"moves":["leechseed","knockoff","protect","stealthrock"],"name":"Ferrothorn","nature":"Impish","species":"Ferrothorn"},{"ability":"magicguard","evs":{"atk":0,"def":0,"hp":4,"spa":252,"spd":252,"spe":0},"happiness":160,"item":"leftovers","ivs":{"atk":0,"def":31,"hp":31,"spa":31,"spd":31,"spe":31},"level":100,"moves":["flamethrower","calmmind","moonblast","shadowball"],"name":"Clefable","nature":"Calm","species":"Clefable"},{"ability":"waterabsorb","evs":{"atk":0,"def":0,"hp":4,"spa":252,"spd":252,"spe":0},"happiness":160,"item":"leftovers","ivs":{"atk":0,"def":31,"hp":31,"spa":31,"spd":31,"spe":31},"level":100,"moves":["earthpower","scald","sludgebomb","focusblast"],"name":"Seismitoad","nature":"Calm","species":"Seismitoad"},{"ability":"infiltrator","evs":{"atk":4,"def":0,"hp":0,"spa":252,"spd":0,"spe":252},"happiness":160,"item":"choicespecs","ivs":{"atk":31,"def":31,"hp":31,"spa":31,"spd":31,"spe":31},"level":100,"moves":["dracometeor","shadowball","thunderbolt","uturn"],"name":"Dragapult","nature":"Timid","species":"Dragapult"},{"ability":"overcoat","evs":{"atk":4,"def":252,"hp":252,"spa":0,"spd":0,"spe":0},"gender":"F","happiness":160,"item":"leftovers","ivs":{"atk":0,"def":31,"hp":31,"spa":31,"spd":31,"spe":31},"level":100,"moves":["roost","protect","foulplay","toxic"],"name":"Mandibuzz","nature":"Impish","species":"Mandibuzz"}],"p2":"31872","p2rating":1193,"p2team":[{"ability":"gorillatactics","evs":{"atk":252,"def":0,"hp":0,"spa":0,"spd":4,"spe":252},"happiness":160,"item":"choicescarf","ivs":{"atk":31,"def":31,"hp":31,"spa":31,"spd":31,"spe":31},"level":100,"moves":["earthquake","iciclecrash","ironhead","uturn"],"name":"Damanitan-Galar","nature":"Jolly","species":"darmanitangalar"},{"ability":"infiltrator","evs":{"atk":0,"def":0,"hp":0,"spa":252,"spd":4,"spe":252},"happiness":160,"item":"lifeorb","ivs":{"atk":0,"def":31,"hp":31,"spa":31,"spd":31,"spe":31},"level":100,"moves":["dragonpulse","thunderbolt","flamethrower","shadowball"],"name":"Dragopult","nature":"Timid","species":"dragapult"},{"ability":"strongjaw","evs":{"atk":252,"def":0,"hp":0,"spa":0,"spd":4,"spe":252},"gender":"N","happiness":160,"item":"choicescarf","ivs":{"atk":31,"def":31,"hp":31,"spa":31,"spd":31,"spe":31},"level":100,"moves":["fishiousrend","psychicfangs","crunch","icefang"],"name":"Dracovish","nature":"Adamant","species":"Dracovish"},{"ability":"unaware","evs":{"atk":4,"def":252,"hp":252,"spa":0,"spd":0,"spe":0},"happiness":160,"item":"leftovers","ivs":{"atk":31,"def":31,"hp":31,"spa":31,"spd":31,"spe":31},"level":100,"moves":["recover","toxic","protect","earthquake"],"name":"Quagsire","nature":"Impish","species":"Quagsire"},{"ability":"cursedbody","evs":{"atk":0,"def":108,"hp":252,"spa":4,"spd":144,"spe":0},"happiness":160,"item":"eviolite","ivs":{"atk":0,"def":31,"hp":31,"spa":31,"spd":31,"spe":31},"level":100,"moves":["stealthrock","willowisp","strengthsap","nightshade"],"name":"Corsala-Galar","nature":"Calm","species":"corsolagalar"},{"ability":"serenegrace","evs":{"atk":0,"def":0,"hp":0,"spa":252,"spd":4,"spe":252},"happiness":160,"item":"leftovers","ivs":{"atk":0,"def":31,"hp":31,"spa":31,"spd":31,"spe":31},"level":100,"moves":["airslash","thunderwave","flamethrower","dazzlinggleam"],"name":"Togekis","nature":"Timid","species":"togekiss"}],"roomid":1017112,"score":[3,5],"seed":[22442,29647,11207,3790],"timestamp":"Sat Dec 28 2019 06:XX","turns":5,"winner":"31872","rated_battle":true,"average_rating":1209}