{"endType":"forfeit","format":"gen8ou","inputLog":[">version aa9f8c6b9cf4eca780a1296832ecd3b0009641e0",">version-origin 5e8529faaa5905c5f8e15eafaaefa806ee8c7d06",">start {\"formatid\":\"gen8ou\",\"seed\":[5470,34232,30168,51332],\"rated\":\"Rated battle\"}",">player p1 {\"\"name\":\"122367\",\"rating\":1621}",">player p2 {\"\"name\":\"27403\",\"rating\":1647}",">p1 team 6, 2, 3, 4, 5, 1",">p2 team 2, 1, 3, 4, 5, 6",">p1 switch 3",">p2 switch 5",">p1 move stealthrock",">p2 switch 3",">p1 switch 6",">p2 move spikes",">p1 switch 3",">p2 switch 2",">p1 move substitute",">p2 switch 3",">p1 move nastyplot",">p2 move icebeam",">p1 move darkpulse",">p2 move haze",">p1 switch 6",">p2 move recover",">p1 move earthquake",">p2 switch 2",">p1 switch 6",">p2 move leechseed",">p1 switch 3",">p2 move powerwhip",">p1 switch 3",">p2 move protect",">p1 move substitute",">p2 move spikes",">p1 move nastyplot",">p2 switch 2",">p1 move darkpulse",">p2 move haze",">p1 move darkpulse",">p2 move recover",">p1 move nastyplot",">p2 move icebeam",">p1 move darkpulse",">p2 move haze",">p1 switch 6",">p2 move recover",">p1 switch 4",">p2 move icebeam",">p1 move defog",">p2 switch 6",">p1 switch 2",">p2 move toxic",">p1 switch 5",">p2 move protect",">p1 move uturn",">p2 move protect",">p1 move uturn",">p2 move substitute",">p1 switch 4",">p1 switch 5",">p2 move toxic",">p1 move overdrive",">p2 move protect",">p1 switch 4",">p2 switch 3",">p1 move uturn",">p2 switch 5",">p1 switch 3",">p1 move earthquake",">p2 switch 5",">p1 switch 6",">p2 move stealthrock",">p1 move nastyplot",">p2 move nightshade",">p1 move darkpulse",">p2 switch 6",">p1 move darkpulse",">p2 move recover",">p1 move darkpulse",">p2 move haze",">p1 move darkpulse",">p2 move recover",">p1 switch 3",">p2 move haze",">p1 move uturn",">p2 move recover",">p1 switch 4",">p1 switch 5",">p2 switch 6",">p1 move stealthrock",">p2 switch 2",">p1 switch 2",">p2 move leechseed",">p1 move knockoff",">p2 switch 3",">p1 switch 2",">p2 move substitute",">p1 move scald",">p2 move flamethrower",">p1 move scald",">p2 move toxic",">p2 switch 4",">p1 move toxic",">p2 move substitute",">p1 switch 2",">p2 move hex",">p1 move roost",">p2 move willowisp",">p1 move knockoff",">p2 move hex",">p1 move knockoff",">p2 move disable",">p1 move roost",">p2 move substitute",">p1 move defog",">p2 move willowisp",">p1 move defog",">p2 move willowisp",">p1 move knockoff",">p2 move substitute",">p1 switch 3",">p2 move hex",">p1 move nastyplot",">p2 move willowisp",">p1 move darkpulse",">p2 move substitute",">p1 move flashcannon",">p2 move disable",">p1 switch 4",">p2 switch 6",">p1 move uturn",">p2 switch 5",">p1 switch 6",">p1 move drainpunch",">p2 switch 2",">p1 switch 4",">p2 move stealthrock",">p1 move nastyplot",">p2 switch 5",">p1 move darkpulse",">p2 move haze",">p1 move nastyplot",">p2 move icebeam",">p1 move darkpulse",">p2 move icebeam",">p1 switch 6",">p1 move uturn",">p2 switch 3",">p1 switch 3",">p1 move knockoff",">p2 move leechseed",">p1 move defog",">p2 switch 3"],"log":["|j|\u2606122367","|j|\u260627403","|player|p1|122367|250|1621","|player|p2|27403|hiker-gen4|1647","|teamsize|p1|6","|teamsize|p2|6","|gametype|singles","|gen|8","|tier|[Gen 8] OU","|rated|","|rule|Sleep Clause Mod: Limit one foe put to sleep","|rule|Species Clause: Limit one of each Pok\u00e9mon","|rule|OHKO Clause: OHKO moves are banned","|rule|Evasion Moves Clause: Evasion moves are banned","|rule|Endless Battle Clause: Forcing endless battles is banned","|rule|HP Percentage Mod: HP is shown in percentages","|clearpoke","|poke|p1|Conkeldurr, F|","|poke|p1|Toxtricity, M|","|poke|p1|Seismitoad, M|","|poke|p1|Mandibuzz, F|","|poke|p1|Darmanitan-Galar, M|","|poke|p1|Hydreigon, M|","|poke|p2|Runerigus, F|","|poke|p2|Avalugg, F|","|poke|p2|Ferrothorn, F|","|poke|p2|Dragapult, F|","|poke|p2|Milotic, F|","|poke|p2|Salazzle, F|","|rule|Dynamax Clause: You cannot dynamax","|teampreview","|","|start","|switch|p1a: Hydreigon|Hydreigon, M|325\/325","|switch|p2a: Avalugg|Avalugg, F|394\/394","|turn|1","|","|switch|p1a: Seismitoad|Seismitoad, M|414\/414","|switch|p2a: Milotic|Milotic, F|394\/394","|","|upkeep","|turn|2","|","|switch|p2a: Ferrothorn|Ferrothorn, F|352\/352","|move|p1a: Seismitoad|Stealth Rock|p2a: Ferrothorn","|-sidestart27403|move: Stealth Rock","|","|upkeep","|turn|3","|","|switch|p1a: Tonton Serge|Conkeldurr, F|410\/410","|move|p2a: Ferrothorn|Spikes|p1a: Tonton Serge","|-sidestart122367|Spikes","|","|-status|p1a: Tonton Serge|brn|[from] item: Flame Orb","|upkeep","|turn|4","|","|switch|p1a: Hydreigon|Hydreigon, M|325\/325","|switch|p2a: Runerigus|Runerigus, F|320\/320","|-damage|p2a: Runerigus|300\/320|[from] Stealth Rock","|","|-heal|p2a: Runerigus|320\/320|[from] item: Leftovers","|upkeep","|turn|5","|","|switch|p2a: Milotic|Milotic, F|394\/394","|-damage|p2a: Milotic|345\/394|[from] Stealth Rock","|move|p1a: Hydreigon|Substitute|p1a: Hydreigon","|-start|p1a: Hydreigon|Substitute","|-damage|p1a: Hydreigon|244\/325","|","|-heal|p1a: Hydreigon|264\/325|[from] item: Leftovers","|-heal|p2a: Milotic|369\/394|[from] item: Leftovers","|upkeep","|turn|6","|","|move|p1a: Hydreigon|Nasty Plot|p1a: Hydreigon","|-boost|p1a: Hydreigon|spa|2","|move|p2a: Milotic|Ice Beam|p1a: Hydreigon","|-supereffective|p1a: Hydreigon","|-end|p1a: Hydreigon|Substitute","|","|-heal|p1a: Hydreigon|284\/325|[from] item: Leftovers","|-heal|p2a: Milotic|393\/394|[from] item: Leftovers","|upkeep","|turn|7","|","|move|p1a: Hydreigon|Dark Pulse|p2a: Milotic","|-damage|p2a: Milotic|207\/394","|move|p2a: Milotic|Haze|p2a: Milotic","|-clearallboost","|","|-heal|p1a: Hydreigon|304\/325|[from] item: Leftovers","|-heal|p2a: Milotic|231\/394|[from] item: Leftovers","|upkeep","|turn|8","|","|switch|p1a: Seismitoad|Seismitoad, M|414\/414","|-damage|p1a: Seismitoad|363\/414|[from] Spikes","|move|p2a: Milotic|Recover|p2a: Milotic","|-heal|p2a: Milotic|394\/394","|","|-heal|p1a: Seismitoad|388\/414|[from] item: Leftovers","|upkeep","|turn|9","|","|switch|p2a: Ferrothorn|Ferrothorn, F|352\/352","|-damage|p2a: Ferrothorn|330\/352|[from] Stealth Rock","|move|p1a: Seismitoad|Earthquake|p2a: Ferrothorn","|-damage|p2a: Ferrothorn|258\/352","|","|-heal|p1a: Seismitoad|413\/414|[from] item: Leftovers","|-heal|p2a: Ferrothorn|280\/352|[from] item: Leftovers","|upkeep","|turn|10","|","|switch|p1a: Hydreigon|Hydreigon, M|304\/325","|move|p2a: Ferrothorn|Leech Seed|p1a: Hydreigon","|-start|p1a: Hydreigon|move: Leech Seed","|","|-heal|p1a: Hydreigon|324\/325|[from] item: Leftovers","|-heal|p2a: Ferrothorn|302\/352|[from] item: Leftovers","|-damage|p1a: Hydreigon|284\/325|[from] Leech Seed|[of] p2a: Ferrothorn","|-heal|p2a: Ferrothorn|342\/352|[silent]","|upkeep","|turn|11","|","|switch|p1a: Tonton Serge|Conkeldurr, F|410\/410 brn","|-damage|p1a: Tonton Serge|359\/410 brn|[from] Spikes","|move|p2a: Ferrothorn|Power Whip|p1a: Tonton Serge","|-damage|p1a: Tonton Serge|223\/410 brn","|","|-heal|p2a: Ferrothorn|352\/352|[from] item: Leftovers","|-damage|p1a: Tonton Serge|198\/410 brn|[from] brn","|upkeep","|turn|12","|","|switch|p1a: Hydreigon|Hydreigon, M|284\/325","|move|p2a: Ferrothorn|Protect||[still]","|-fail|p2a: Ferrothorn","|","|-heal|p1a: Hydreigon|304\/325|[from] item: Leftovers","|upkeep","|turn|13","|","|move|p1a: Hydreigon|Substitute|p1a: Hydreigon","|-start|p1a: Hydreigon|Substitute","|-damage|p1a: Hydreigon|223\/325","|move|p2a: Ferrothorn|Spikes|p1a: Hydreigon","|-sidestart122367|Spikes","|","|-heal|p1a: Hydreigon|243\/325|[from] item: Leftovers","|upkeep","|turn|14","|","|switch|p2a: Milotic|Milotic, F|394\/394","|-damage|p2a: Milotic|345\/394|[from] Stealth Rock","|move|p1a: Hydreigon|Nasty Plot|p1a: Hydreigon","|-boost|p1a: Hydreigon|spa|2","|","|-heal|p1a: Hydreigon|263\/325|[from] item: Leftovers","|-heal|p2a: Milotic|369\/394|[from] item: Leftovers","|upkeep","|turn|15","|","|move|p1a: Hydreigon|Dark Pulse|p2a: Milotic","|-damage|p2a: Milotic|200\/394","|move|p2a: Milotic|Haze|p2a: Milotic","|-clearallboost","|","|-heal|p1a: Hydreigon|283\/325|[from] item: Leftovers","|-heal|p2a: Milotic|224\/394|[from] item: Leftovers","|upkeep","|turn|16","|","|move|p1a: Hydreigon|Dark Pulse|p2a: Milotic","|-damage|p2a: Milotic|142\/394","|move|p2a: Milotic|Recover|p2a: Milotic","|-heal|p2a: Milotic|339\/394","|","|-heal|p1a: Hydreigon|303\/325|[from] item: Leftovers","|-heal|p2a: Milotic|363\/394|[from] item: Leftovers","|upkeep","|turn|17","|","|move|p1a: Hydreigon|Nasty Plot|p1a: Hydreigon","|-boost|p1a: Hydreigon|spa|2","|move|p2a: Milotic|Ice Beam|p1a: Hydreigon","|-supereffective|p1a: Hydreigon","|-end|p1a: Hydreigon|Substitute","|","|-heal|p1a: Hydreigon|323\/325|[from] item: Leftovers","|-heal|p2a: Milotic|387\/394|[from] item: Leftovers","|upkeep","|turn|18","|","|move|p1a: Hydreigon|Dark Pulse|p2a: Milotic","|-damage|p2a: Milotic|204\/394","|move|p2a: Milotic|Haze|p2a: Milotic","|-clearallboost","|","|-heal|p1a: Hydreigon|325\/325|[from] item: Leftovers","|-heal|p2a: Milotic|228\/394|[from] item: Leftovers","|upkeep","|turn|19","|","|switch|p1a: Seismitoad|Seismitoad, M|413\/414","|-damage|p1a: Seismitoad|344\/414|[from] Spikes","|move|p2a: Milotic|Recover|p2a: Milotic","|-heal|p2a: Milotic|394\/394","|","|-heal|p1a: Seismitoad|369\/414|[from] item: Leftovers","|upkeep","|turn|20","|","|switch|p1a: Mandibuzz|Mandibuzz, F|424\/424","|move|p2a: Milotic|Ice Beam|p1a: Mandibuzz","|-supereffective|p1a: Mandibuzz","|-damage|p1a: Mandibuzz|320\/424","|","|upkeep","|turn|21","|","|switch|p2a: Salazzle|Salazzle, F|339\/339","|-damage|p2a: Salazzle|255\/339|[from] Stealth Rock","|move|p1a: Mandibuzz|Defog|p2a: Salazzle","|-unboost|p2a: Salazzle|evasion|1","|-sideend27403|Stealth Rock|[from] move: Defog|[of] p1a: Mandibuzz","|-sideend122367|Spikes|[from] move: Defog|[of] p1a: Mandibuzz","|","|-heal|p2a: Salazzle|276\/339|[from] item: Black Sludge","|upkeep","|turn|22","|","|switch|p1a: Toxtricity|Toxtricity, M|292\/292","|move|p2a: Salazzle|Toxic|p1a: Toxtricity","|-status|p1a: Toxtricity|tox","|","|-heal|p2a: Salazzle|297\/339|[from] item: Black Sludge","|-damage|p1a: Toxtricity|274\/292 tox|[from] psn","|upkeep","|turn|23","|","|switch|p1a: Darmanitan|Darmanitan-Galar, M|351\/351","|move|p2a: Salazzle|Protect||[still]","|-fail|p2a: Salazzle","|","|-heal|p2a: Salazzle|318\/339|[from] item: Black Sludge","|upkeep","|turn|24","|","|move|p2a: Salazzle|Protect|p2a: Salazzle","|-singleturn|p2a: Salazzle|Protect","|move|p1a: Darmanitan|U-turn|p2a: Salazzle","|-activate|p2a: Salazzle|move: Protect","|","|-heal|p2a: Salazzle|339\/339|[from] item: Black Sludge","|upkeep","|turn|25","|","|move|p1a: Darmanitan|U-turn|p2a: Salazzle","|-resisted|p2a: Salazzle","|-damage|p2a: Salazzle|288\/339","|","|switch|p1a: Seismitoad|Seismitoad, M|369\/414","|move|p2a: Salazzle|Substitute|p2a: Salazzle","|-start|p2a: Salazzle|Substitute","|-damage|p2a: Salazzle|204\/339","|","|-heal|p2a: Salazzle|225\/339|[from] item: Black Sludge","|-heal|p1a: Seismitoad|394\/414|[from] item: Leftovers","|upkeep","|turn|26","|","|switch|p1a: Toxtricity|Toxtricity, M|274\/292 tox","|move|p2a: Salazzle|Toxic|p1a: Toxtricity","|-fail|p1a: Toxtricity|tox","|","|-heal|p2a: Salazzle|246\/339|[from] item: Black Sludge","|-damage|p1a: Toxtricity|256\/292 tox|[from] psn","|upkeep","|turn|27","|","|move|p2a: Salazzle|Protect|p2a: Salazzle","|-singleturn|p2a: Salazzle|Protect","|move|p1a: Toxtricity|Overdrive|p2a: Salazzle","|-activate|p2a: Salazzle|move: Protect","|","|-heal|p2a: Salazzle|267\/339|[from] item: Black Sludge","|-damage|p1a: Toxtricity|220\/292 tox|[from] psn","|upkeep","|turn|28","|","|switch|p2a: Runerigus|Runerigus, F|320\/320","|switch|p1a: Darmanitan|Darmanitan-Galar, M|351\/351","|","|upkeep","|turn|29","|","|switch|p2a: Avalugg|Avalugg, F|394\/394","|move|p1a: Darmanitan|U-turn|p2a: Avalugg","|-damage|p2a: Avalugg|332\/394","|","|switch|p1a: Tonton Serge|Conkeldurr, F|198\/410 brn","|","|-damage|p1a: Tonton Serge|173\/410 brn|[from] brn","|upkeep","|turn|30","|","|switch|p2a: Runerigus|Runerigus, F|320\/320","|move|p1a: Tonton Serge|Earthquake|p2a: Runerigus","|-damage|p2a: Runerigus|204\/320","|","|-heal|p2a: Runerigus|224\/320|[from] item: Leftovers","|-damage|p1a: Tonton Serge|148\/410 brn|[from] brn","|upkeep","|turn|31","|","|switch|p1a: Hydreigon|Hydreigon, M|325\/325","|move|p2a: Runerigus|Stealth Rock|p1a: Hydreigon","|-sidestart122367|move: Stealth Rock","|","|-heal|p2a: Runerigus|244\/320|[from] item: Leftovers","|upkeep","|turn|32","|","|move|p1a: Hydreigon|Nasty Plot|p1a: Hydreigon","|-boost|p1a: Hydreigon|spa|2","|move|p2a: Runerigus|Night Shade|p1a: Hydreigon","|-damage|p1a: Hydreigon|225\/325","|","|-heal|p1a: Hydreigon|245\/325|[from] item: Leftovers","|-heal|p2a: Runerigus|264\/320|[from] item: Leftovers","|upkeep","|turn|33","|","|switch|p2a: Milotic|Milotic, F|394\/394","|move|p1a: Hydreigon|Dark Pulse|p2a: Milotic","|-damage|p2a: Milotic|223\/394","|","|-heal|p1a: Hydreigon|265\/325|[from] item: Leftovers","|-heal|p2a: Milotic|247\/394|[from] item: Leftovers","|upkeep","|turn|34","|","|move|p1a: Hydreigon|Dark Pulse|p2a: Milotic","|-damage|p2a: Milotic|85\/394","|move|p2a: Milotic|Recover|p2a: Milotic","|-heal|p2a: Milotic|282\/394","|","|-heal|p1a: Hydreigon|285\/325|[from] item: Leftovers","|-heal|p2a: Milotic|306\/394|[from] item: Leftovers","|upkeep","|turn|35","|","|move|p1a: Hydreigon|Dark Pulse|p2a: Milotic","|-damage|p2a: Milotic|122\/394","|move|p2a: Milotic|Haze|p2a: Milotic","|-clearallboost","|","|-heal|p1a: Hydreigon|305\/325|[from] item: Leftovers","|-heal|p2a: Milotic|146\/394|[from] item: Leftovers","|upkeep","|turn|36","|","|move|p1a: Hydreigon|Dark Pulse|p2a: Milotic","|-damage|p2a: Milotic|53\/394","|move|p2a: Milotic|Recover|p2a: Milotic","|-heal|p2a: Milotic|250\/394","|","|-heal|p1a: Hydreigon|325\/325|[from] item: Leftovers","|-heal|p2a: Milotic|274\/394|[from] item: Leftovers","|upkeep","|turn|37","|","|switch|p1a: Darmanitan|Darmanitan-Galar, M|351\/351","|-damage|p1a: Darmanitan|264\/351|[from] Stealth Rock","|move|p2a: Milotic|Haze|p2a: Milotic","|-clearallboost","|","|-heal|p2a: Milotic|298\/394|[from] item: Leftovers","|upkeep","|turn|38","|","|move|p1a: Darmanitan|U-turn|p2a: Milotic","|-damage|p2a: Milotic|132\/394","|","|switch|p1a: Toxtricity|Toxtricity, M|220\/292 tox","|-damage|p1a: Toxtricity|184\/292 tox|[from] Stealth Rock","|move|p2a: Milotic|Recover|p2a: Milotic","|-heal|p2a: Milotic|329\/394","|","|-heal|p2a: Milotic|353\/394|[from] item: Leftovers","|-damage|p1a: Toxtricity|166\/292 tox|[from] psn","|upkeep","|turn|39","|","|switch|p1a: Seismitoad|Seismitoad, M|394\/414","|-damage|p1a: Seismitoad|369\/414|[from] Stealth Rock","|switch|p2a: Runerigus|Runerigus, F|264\/320","|","|-heal|p1a: Seismitoad|394\/414|[from] item: Leftovers","|-heal|p2a: Runerigus|284\/320|[from] item: Leftovers","|upkeep","|turn|40","|","|switch|p2a: Ferrothorn|Ferrothorn, F|352\/352","|move|p1a: Seismitoad|Stealth Rock|p2a: Ferrothorn","|-sidestart27403|move: Stealth Rock","|","|-heal|p1a: Seismitoad|414\/414|[from] item: Leftovers","|upkeep","|turn|41","|","|switch|p1a: Mandibuzz|Mandibuzz, F|320\/424","|move|p2a: Ferrothorn|Leech Seed|p1a: Mandibuzz","|-start|p1a: Mandibuzz|move: Leech Seed","|","|-damage|p1a: Mandibuzz|267\/424|[from] Leech Seed|[of] p2a: Ferrothorn","|upkeep","|turn|42","|","|switch|p2a: Salazzle|Salazzle, F|267\/339","|-damage|p2a: Salazzle|183\/339|[from] Stealth Rock","|move|p1a: Mandibuzz|Knock Off|p2a: Salazzle","|-damage|p2a: Salazzle|51\/339","|-enditem|p2a: Salazzle|Black Sludge|[from] move: Knock Off|[of] p1a: Mandibuzz","|","|-damage|p1a: Mandibuzz|214\/424|[from] Leech Seed|[of] p2a: Salazzle","|-heal|p2a: Salazzle|104\/339|[silent]","|upkeep","|turn|43","|","|switch|p1a: Seismitoad|Seismitoad, M|414\/414","|-damage|p1a: Seismitoad|389\/414|[from] Stealth Rock","|move|p2a: Salazzle|Substitute|p2a: Salazzle","|-start|p2a: Salazzle|Substitute","|-damage|p2a: Salazzle|20\/339","|","|-heal|p1a: Seismitoad|414\/414|[from] item: Leftovers","|upkeep","|turn|44","|","|move|p2a: Salazzle|Flamethrower|p1a: Seismitoad","|-resisted|p1a: Seismitoad","|-damage|p1a: Seismitoad|339\/414","|move|p1a: Seismitoad|Scald|p2a: Salazzle","|-supereffective|p2a: Salazzle","|-end|p2a: Salazzle|Substitute","|","|-heal|p1a: Seismitoad|364\/414|[from] item: Leftovers","|upkeep","|turn|45","|","|move|p2a: Salazzle|Toxic|p1a: Seismitoad","|-status|p1a: Seismitoad|tox","|move|p1a: Seismitoad|Scald|p2a: Salazzle","|-supereffective|p2a: Salazzle","|-damage|p2a: Salazzle|0 fnt","|faint|p2a: Salazzle","|","|-heal|p1a: Seismitoad|389\/414 tox|[from] item: Leftovers","|-damage|p1a: Seismitoad|364\/414 tox|[from] psn","|upkeep","|","|switch|p2a: Dragapult|Dragapult, F|341\/341","|-damage|p2a: Dragapult|299\/341|[from] Stealth Rock","|turn|46","|","|move|p2a: Dragapult|Substitute|p2a: Dragapult","|-start|p2a: Dragapult|Substitute","|-damage|p2a: Dragapult|214\/341","|move|p1a: Seismitoad|Toxic||[still]","|-fail|p1a: Seismitoad","|","|-heal|p2a: Dragapult|235\/341|[from] item: Leftovers","|-heal|p1a: Seismitoad|389\/414 tox|[from] item: Leftovers","|-damage|p1a: Seismitoad|339\/414 tox|[from] psn","|upkeep","|turn|47","|","|switch|p1a: Mandibuzz|Mandibuzz, F|214\/424","|move|p2a: Dragapult|Hex|p1a: Mandibuzz","|-resisted|p1a: Mandibuzz","|-damage|p1a: Mandibuzz|181\/424","|","|-heal|p2a: Dragapult|256\/341|[from] item: Leftovers","|upkeep","|turn|48","|","|move|p2a: Dragapult|Will-O-Wisp|p1a: Mandibuzz","|-status|p1a: Mandibuzz|brn","|move|p1a: Mandibuzz|Roost|p1a: Mandibuzz","|-heal|p1a: Mandibuzz|393\/424 brn","|-singleturn|p1a: Mandibuzz|move: Roost","|","|-heal|p2a: Dragapult|277\/341|[from] item: Leftovers","|-damage|p1a: Mandibuzz|367\/424 brn|[from] brn","|upkeep","|turn|49","|","|move|p2a: Dragapult|Hex|p1a: Mandibuzz","|-resisted|p1a: Mandibuzz","|-damage|p1a: Mandibuzz|304\/424 brn","|move|p1a: Mandibuzz|Knock Off|p2a: Dragapult","|-supereffective|p2a: Dragapult","|-end|p2a: Dragapult|Substitute","|","|-heal|p2a: Dragapult|298\/341|[from] item: Leftovers","|-damage|p1a: Mandibuzz|278\/424 brn|[from] brn","|upkeep","|turn|50","|","|move|p2a: Dragapult|Disable|p1a: Mandibuzz","|-start|p1a: Mandibuzz|Disable|Knock Off","|cant|p1a: Mandibuzz|Disable|Knock Off","|","|-heal|p2a: Dragapult|319\/341|[from] item: Leftovers","|-damage|p1a: Mandibuzz|252\/424 brn|[from] brn","|upkeep","|turn|51","|","|move|p2a: Dragapult|Substitute|p2a: Dragapult","|-start|p2a: Dragapult|Substitute","|-damage|p2a: Dragapult|234\/341","|move|p1a: Mandibuzz|Roost|p1a: Mandibuzz","|-heal|p1a: Mandibuzz|424\/424 brn","|-singleturn|p1a: Mandibuzz|move: Roost","|","|-heal|p2a: Dragapult|255\/341|[from] item: Leftovers","|-damage|p1a: Mandibuzz|398\/424 brn|[from] brn","|upkeep","|turn|52","|","|move|p2a: Dragapult|Will-O-Wisp|p1a: Mandibuzz","|-fail|p1a: Mandibuzz|brn","|move|p1a: Mandibuzz|Defog|p2a: Dragapult","|-sideend27403|Stealth Rock|[from] move: Defog|[of] p1a: Mandibuzz","|-sideend122367|Stealth Rock|[from] move: Defog|[of] p1a: Mandibuzz","|","|-heal|p2a: Dragapult|276\/341|[from] item: Leftovers","|-damage|p1a: Mandibuzz|372\/424 brn|[from] brn","|upkeep","|turn|53","|","|move|p2a: Dragapult|Will-O-Wisp|p1a: Mandibuzz","|-fail|p1a: Mandibuzz|brn","|move|p1a: Mandibuzz|Defog||[still]","|-fail|p1a: Mandibuzz","|","|-heal|p2a: Dragapult|297\/341|[from] item: Leftovers","|-damage|p1a: Mandibuzz|346\/424 brn|[from] brn","|-end|p1a: Mandibuzz|Disable","|upkeep","|turn|54","|","|move|p2a: Dragapult|Substitute|p2a: Dragapult","|-fail|p2a: Dragapult|move: Substitute","|move|p1a: Mandibuzz|Knock Off|p2a: Dragapult","|-supereffective|p2a: Dragapult","|-end|p2a: Dragapult|Substitute","|","|-heal|p2a: Dragapult|318\/341|[from] item: Leftovers","|-damage|p1a: Mandibuzz|320\/424 brn|[from] brn","|upkeep","|turn|55","|","|switch|p1a: Hydreigon|Hydreigon, M|325\/325","|move|p2a: Dragapult|Hex|p1a: Hydreigon","|-resisted|p1a: Hydreigon","|-crit|p1a: Hydreigon","|-damage|p1a: Hydreigon|247\/325","|","|-heal|p2a: Dragapult|339\/341|[from] item: Leftovers","|-heal|p1a: Hydreigon|267\/325|[from] item: Leftovers","|upkeep","|turn|56","|","|move|p2a: Dragapult|Will-O-Wisp|p1a: Hydreigon","|-status|p1a: Hydreigon|brn","|move|p1a: Hydreigon|Nasty Plot|p1a: Hydreigon","|-boost|p1a: Hydreigon|spa|2","|","|-heal|p2a: Dragapult|341\/341|[from] item: Leftovers","|-heal|p1a: Hydreigon|287\/325 brn|[from] item: Leftovers","|-damage|p1a: Hydreigon|267\/325 brn|[from] brn","|upkeep","|turn|57","|","|move|p2a: Dragapult|Substitute|p2a: Dragapult","|-start|p2a: Dragapult|Substitute","|-damage|p2a: Dragapult|256\/341","|move|p1a: Hydreigon|Dark Pulse|p2a: Dragapult","|-supereffective|p2a: Dragapult","|-end|p2a: Dragapult|Substitute","|","|-heal|p2a: Dragapult|277\/341|[from] item: Leftovers","|-heal|p1a: Hydreigon|287\/325 brn|[from] item: Leftovers","|-damage|p1a: Hydreigon|267\/325 brn|[from] brn","|upkeep","|turn|58","|","|move|p2a: Dragapult|Disable|p1a: Hydreigon","|-start|p1a: Hydreigon|Disable|Dark Pulse","|move|p1a: Hydreigon|Flash Cannon|p2a: Dragapult","|-damage|p2a: Dragapult|31\/341","|-unboost|p2a: Dragapult|spd|1","|","|-heal|p2a: Dragapult|52\/341|[from] item: Leftovers","|-heal|p1a: Hydreigon|287\/325 brn|[from] item: Leftovers","|-damage|p1a: Hydreigon|267\/325 brn|[from] brn","|upkeep","|turn|59","|","|switch|p2a: Milotic|Milotic, F|353\/394","|switch|p1a: Darmanitan|Darmanitan-Galar, M|264\/351","|","|-heal|p2a: Milotic|377\/394|[from] item: Leftovers","|upkeep","|turn|60","|","|switch|p2a: Avalugg|Avalugg, F|332\/394","|move|p1a: Darmanitan|U-turn|p2a: Avalugg","|-damage|p2a: Avalugg|268\/394","|","|switch|p1a: Tonton Serge|Conkeldurr, F|148\/410 brn","|","|-damage|p1a: Tonton Serge|123\/410 brn|[from] brn","|upkeep","|turn|61","|","|switch|p2a: Runerigus|Runerigus, F|284\/320","|move|p1a: Tonton Serge|Drain Punch|p2a: Runerigus","|-immune|p2a: Runerigus","|","|-heal|p2a: Runerigus|304\/320|[from] item: Leftovers","|-damage|p1a: Tonton Serge|98\/410 brn|[from] brn","|upkeep","|turn|62","|","|switch|p1a: Hydreigon|Hydreigon, M|267\/325 brn","|move|p2a: Runerigus|Stealth Rock|p1a: Hydreigon","|-sidestart122367|move: Stealth Rock","|","|-heal|p1a: Hydreigon|287\/325 brn|[from] item: Leftovers","|-heal|p2a: Runerigus|320\/320|[from] item: Leftovers","|-damage|p1a: Hydreigon|267\/325 brn|[from] brn","|upkeep","|turn|63","|","|switch|p2a: Milotic|Milotic, F|377\/394","|move|p1a: Hydreigon|Nasty Plot|p1a: Hydreigon","|-boost|p1a: Hydreigon|spa|2","|","|-heal|p1a: Hydreigon|287\/325 brn|[from] item: Leftovers","|-heal|p2a: Milotic|394\/394|[from] item: Leftovers","|-damage|p1a: Hydreigon|267\/325 brn|[from] brn","|upkeep","|turn|64","|","|move|p1a: Hydreigon|Dark Pulse|p2a: Milotic","|-damage|p2a: Milotic|214\/394","|move|p2a: Milotic|Haze|p2a: Milotic","|-clearallboost","|","|-heal|p1a: Hydreigon|287\/325 brn|[from] item: Leftovers","|-heal|p2a: Milotic|238\/394|[from] item: Leftovers","|-damage|p1a: Hydreigon|267\/325 brn|[from] brn","|upkeep","|turn|65","|","|move|p1a: Hydreigon|Nasty Plot|p1a: Hydreigon","|-boost|p1a: Hydreigon|spa|2","|move|p2a: Milotic|Ice Beam|p1a: Hydreigon","|-supereffective|p1a: Hydreigon","|-damage|p1a: Hydreigon|121\/325 brn","|","|-heal|p1a: Hydreigon|141\/325 brn|[from] item: Leftovers","|-heal|p2a: Milotic|262\/394|[from] item: Leftovers","|-damage|p1a: Hydreigon|121\/325 brn|[from] brn","|upkeep","|turn|66","|","|move|p1a: Hydreigon|Dark Pulse|p2a: Milotic","|-damage|p2a: Milotic|102\/394","|move|p2a: Milotic|Ice Beam|p1a: Hydreigon","|-supereffective|p1a: Hydreigon","|-damage|p1a: Hydreigon|0 fnt","|faint|p1a: Hydreigon","|","|-heal|p2a: Milotic|126\/394|[from] item: Leftovers","|upkeep","|","|switch|p1a: Darmanitan|Darmanitan-Galar, M|264\/351","|-damage|p1a: Darmanitan|177\/351|[from] Stealth Rock","|turn|67","|j| bange","|","|switch|p2a: Ferrothorn|Ferrothorn, F|352\/352","|move|p1a: Darmanitan|U-turn|p2a: Ferrothorn","|-damage|p2a: Ferrothorn|267\/352","|-damage|p1a: Darmanitan|134\/351|[from] ability: Iron Barbs|[of] p2a: Ferrothorn","|","|switch|p1a: Mandibuzz|Mandibuzz, F|320\/424 brn","|","|-heal|p2a: Ferrothorn|289\/352|[from] item: Leftovers","|-damage|p1a: Mandibuzz|294\/424 brn|[from] brn","|upkeep","|turn|68","|","|move|p1a: Mandibuzz|Knock Off|p2a: Ferrothorn","|-damage|p2a: Ferrothorn|265\/352","|-damage|p1a: Mandibuzz|241\/424 brn|[from] ability: Iron Barbs|[of] p2a: Ferrothorn","|-enditem|p2a: Ferrothorn|Leftovers|[from] move: Knock Off|[of] p1a: Mandibuzz","|move|p2a: Ferrothorn|Leech Seed|p1a: Mandibuzz","|-start|p1a: Mandibuzz|move: Leech Seed","|","|-damage|p1a: Mandibuzz|188\/424 brn|[from] Leech Seed|[of] p2a: Ferrothorn","|-heal|p2a: Ferrothorn|318\/352|[silent]","|-damage|p1a: Mandibuzz|162\/424 brn|[from] brn","|upkeep","|turn|69","|","|switch|p2a: Milotic|Milotic, F|126\/394","|move|p1a: Mandibuzz|Defog|p2a: Milotic","|-unboost|p2a: Milotic|evasion|1","|-sideend122367|Stealth Rock|[from] move: Defog|[of] p1a: Mandibuzz","|","|-heal|p2a: Milotic|150\/394|[from] item: Leftovers","|-damage|p1a: Mandibuzz|109\/424 brn|[from] Leech Seed|[of] p2a: Milotic","|-heal|p2a: Milotic|203\/394|[silent]","|-damage|p1a: Mandibuzz|83\/424 brn|[from] brn","|upkeep","|turn|70","|-message|122367 forfeited.","|","|win|27403","|l|\u2606122367","|raw|122367's rating: 1621 &rarr; <strong>1602<\/strong><br \/>(-19 for losing)","|raw|27403's rating: 1647 &rarr; <strong>1665<\/strong><br \/>(+18 for winning)",""],"p1":"122367","p1rating":1621,"p1team":[{"ability":"guts","evs":{"atk":252,"def":0,"hp":236,"spa":0,"spd":0,"spe":20},"happiness":160,"item":"flameorb","ivs":{"atk":31,"def":31,"hp":31,"spa":31,"spd":31,"spe":31},"level":100,"moves":["drainpunch","machpunch","earthquake","icepunch"],"name":"Tonton Serge","nature":"Adamant","species":"conkeldurr"},{"ability":"punkrock","evs":{"atk":0,"def":0,"hp":4,"spa":252,"spd":0,"spe":252},"happiness":160,"item":"choicespecs","ivs":{"atk":31,"def":31,"hp":31,"spa":31,"spd":31,"spe":31},"level":100,"moves":["boomburst","overdrive","voltswitch","sludgewave"],"name":"Toxtricity","nature":"Timid","species":"Toxtricity"},{"ability":"waterabsorb","evs":{"atk":0,"def":252,"hp":252,"spa":0,"spd":4,"spe":0},"happiness":160,"item":"leftovers","ivs":{"atk":31,"def":31,"hp":31,"spa":31,"spd":31,"spe":31},"level":100,"moves":["stealthrock","scald","earthquake","toxic"],"name":"Seismitoad","nature":"Relaxed","species":"Seismitoad"},{"ability":"overcoat","evs":{"atk":0,"def":4,"hp":252,"spa":0,"spd":252,"spe":0},"gender":"F","happiness":160,"item":"heavydutyboots","ivs":{"atk":31,"def":31,"hp":31,"spa":31,"spd":31,"spe":31},"level":100,"moves":["knockoff","roost","defog","uturn"],"name":"Mandibuzz","nature":"Careful","species":"Mandibuzz"},{"ability":"gorillatactics","evs":{"atk":252,"def":0,"hp":0,"spa":0,"spd":4,"spe":252},"happiness":160,"item":"choicescarf","ivs":{"atk":31,"def":31,"hp":31,"spa":31,"spd":31,"spe":31},"level":100,"moves":["iciclecrash","fireblast","earthquake","uturn"],"name":"Darmanitan","nature":"Jolly","species":"darmanitangalar"},{"ability":"levitate","evs":{"atk":0,"def":4,"hp":0,"spa":252,"spd":0,"spe":252},"happiness":160,"item":"leftovers","ivs":{"atk":31,"def":31,"hp":31,"spa":31,"spd":31,"spe":31},"level":100,"moves":["nastyplot","substitute","darkpulse","flashcannon"],"name":"Hydreigon","nature":"Timid","species":"Hydreigon"}],"p2":"27403","p2rating":1647,"p2team":[{"ability":"wanderingspirit","evs":{"atk":0,"def":252,"hp":252,"spa":0,"spd":4,"spe":0},"happiness":160,"item":"leftovers","ivs":{"atk":0,"def":31,"hp":31,"spa":31,"spd":31,"spe":31},"level":100,"moves":["stealthrock","toxicspikes","nightshade","willowisp"],"name":"Runerigus","nature":"Impish","species":"Runerigus"},{"ability":"owntempo","evs":{"atk":4,"def":252,"hp":252,"spa":0,"spd":0,"spe":0},"happiness":160,"item":"heavydutyboots","ivs":{"atk":31,"def":31,"hp":31,"spa":31,"spd":31,"spe":31},"level":100,"moves":["recover","rapidspin","avalanche","bodypress"],"name":"Avalugg","nature":"Impish","species":"Avalugg"},{"ability":"ironbarbs","evs":{"atk":4,"def":252,"hp":252,"spa":0,"spd":0,"spe":0},"happiness":160,"item":"leftovers","ivs":{"atk":31,"def":31,"hp":31,"spa":31,"spd":31,"spe":31},"level":100,"moves":["leechseed","spikes","protect","powerwhip"],"name":"Ferrothorn","nature":"Impish","species":"Ferrothorn"},{"ability":"infiltrator","evs":{"atk":0,"def":16,"hp":96,"spa":184,"spd":0,"spe":212},"happiness":160,"item":"leftovers","ivs":{"atk":31,"def":31,"hp":31,"spa":31,"spd":31,"spe":31},"level":100,"moves":["substitute","willowisp","hex","disable"],"name":"Dragapult","nature":"Timid","species":"Dragapult"},{"ability":"marvelscale","evs":{"atk":0,"def":24,"hp":252,"spa":0,"spd":232,"spe":0},"happiness":160,"item":"leftovers","ivs":{"atk":0,"def":31,"hp":31,"spa":31,"spd":31,"spe":31},"level":100,"moves":["scald","recover","haze","icebeam"],"name":"Milotic","nature":"Calm","species":"Milotic"},{"ability":"corrosion","evs":{"atk":0,"def":0,"hp":248,"spa":8,"spd":0,"spe":252},"gender":"F","happiness":160,"item":"blacksludge","ivs":{"atk":0,"def":31,"hp":31,"spa":31,"spd":31,"spe":31},"level":100,"moves":["substitute","toxic","flamethrower","protect"],"name":"Salazzle","nature":"Timid","species":"Salazzle"}],"roomid":1017856,"score":[5,5],"seed":[5470,34232,30168,51332],"timestamp":"Sat Dec 28 2019 12:XX","turns":70,"winner":"27403","rated_battle":true,"average_rating":1634}