{"endType":"forfeit","format":"gen8ou","inputLog":[">version aa9f8c6b9cf4eca780a1296832ecd3b0009641e0",">version-origin 5e8529faaa5905c5f8e15eafaaefa806ee8c7d06",">start {\"formatid\":\"gen8ou\",\"seed\":[29719,9899,3583,9418],\"rated\":\"Rated battle\"}",">player p1 {\"\"name\":\"13415\",\"rating\":1452}",">player p2 {\"\"name\":\"31915\",\"rating\":1462}",">p1 team 3, 2, 1, 4, 5, 6",">p2 team 5, 2, 3, 4, 1, 6",">p1 move voltswitch",">p2 move voltswitch",">p2 switch 6",">p1 switch 4",">p1 move moonblast",">p2 switch 5",">p1 move thunderbolt",">p2 switch 6",">p1 switch 6",">p2 move boomburst",">p1 switch 3",">p2 move boomburst",">p1 move thunderbolt",">p2 switch 4",">p1 switch 5",">p2 move thunderwave",">p1 move uturn",">p2 move moonblast",">p1 switch 4",">p1 move voltswitch",">p2 move wish",">p1 switch 6",">p1 move moonblast",">p2 switch 4",">p1 switch 3",">p2 move snarl",">p1 switch 2",">p1 move drainpunch",">p2 switch 6",">p1 move earthquake",">p2 move banefulbunker",">p1 move drainpunch",">p2 switch 2",">p1 move drainpunch",">p2 move ironhead",">p1 move drainpunch",">p2 move uturn",">p2 switch 2",">p1 switch 6",">p2 move banefulbunker",">p1 move voltswitch",">p2 move scald",">p1 switch 5",">p1 move shadowball",">p2 move banefulbunker",">p1 move shadowball",">p2 move recover",">p1 switch 6",">p2 move recover",">p1 move earthquake",">p2 move banefulbunker",">p1 move earthquake",">p2 move scald",">p1 move earthquake",">p2 move banefulbunker",">p1 move drainpunch",">p2 switch 2",">p1 move machpunch",">p2 move roost",">p2 switch 5",">p1 switch 3",">p2 move machpunch",">p1 move thunderbolt",">p2 switch 6",">p1 switch 5",">p2 move overdrive",">p1 move voltswitch",">p2 move overdrive",">p1 switch 6",">p1 move shadowball",">p2 switch 4",">p1 move shadowball",">p2 move moonblast",">p1 switch 5",">p1 move moonblast",">p2 move protect",">p1 move moonblast",">p2 move wish",">p2 switch 4",">p1 switch 6",">p2 move boomburst",">p1 switch 6",">p1 move flamethrower",">p2 move boomburst"],"log":["|j|\u260613415","|j|\u260631915","|player|p1|13415|102|1452","|player|p2|31915|273|1462","|teamsize|p1|6","|teamsize|p2|6","|gametype|singles","|gen|8","|tier|[Gen 8] OU","|rated|","|rule|Sleep Clause Mod: Limit one foe put to sleep","|rule|Species Clause: Limit one of each Pok\u00e9mon","|rule|OHKO Clause: OHKO moves are banned","|rule|Evasion Moves Clause: Evasion moves are banned","|rule|Endless Battle Clause: Forcing endless battles is banned","|rule|HP Percentage Mod: HP is shown in percentages","|clearpoke","|poke|p1|Dragapult, M|","|poke|p1|Conkeldurr, F|","|poke|p1|Rotom-Heat|","|poke|p1|Clefable, M|","|poke|p1|Mandibuzz, F|","|poke|p1|Hippowdon, M|","|poke|p2|Toxapex, M|","|poke|p2|Corviknight, F|","|poke|p2|Hydreigon, M|","|poke|p2|Clefable, F|","|poke|p2|Toxtricity, M|","|poke|p2|Conkeldurr, F|","|rule|Dynamax Clause: You cannot dynamax","|teampreview","|","|start","|switch|p1a: Rotom|Rotom-Heat|304\/304","|switch|p2a: Toxtricity|Toxtricity, M|291\/291","|turn|1","|","|move|p2a: Toxtricity|Volt Switch|p1a: Rotom","|-resisted|p1a: Rotom","|-damage|p1a: Rotom|229\/304","|","|switch|p2a: Conkeldurr|Conkeldurr, F|352\/352","|move|p1a: Rotom|Volt Switch|p2a: Conkeldurr","|-damage|p2a: Conkeldurr|228\/352","|","|switch|p1a: Clefable|Clefable, M|379\/379","|","|-status|p2a: Conkeldurr|brn|[from] item: Flame Orb","|upkeep","|turn|2","|","|switch|p2a: Toxapex|Toxapex, M|304\/304","|move|p1a: Clefable|Moonblast|p2a: Toxapex","|-resisted|p2a: Toxapex","|-damage|p2a: Toxapex|238\/304","|","|-heal|p2a: Toxapex|257\/304|[from] item: Black Sludge","|upkeep","|turn|3","|","|switch|p2a: Toxtricity|Toxtricity, M|291\/291","|move|p1a: Clefable|Thunderbolt|p2a: Toxtricity","|-resisted|p2a: Toxtricity","|-damage|p2a: Toxtricity|216\/291","|","|upkeep","|turn|4","|","|switch|p1a: Hippowdon|Hippowdon, M|420\/420","|-weather|Sandstorm|[from] ability: Sand Stream|[of] p1a: Hippowdon","|move|p2a: Toxtricity|Boomburst|p1a: Hippowdon","|-damage|p1a: Hippowdon|88\/420","|","|-weather|Sandstorm|[upkeep]","|-damage|p2a: Toxtricity|198\/291|[from] Sandstorm","|-heal|p1a: Hippowdon|114\/420|[from] item: Leftovers","|upkeep","|turn|5","|","|switch|p1a: Dragapult|Dragapult, M|317\/317","|move|p2a: Toxtricity|Boomburst|p1a: Dragapult","|-immune|p1a: Dragapult","|","|-weather|Sandstorm|[upkeep]","|-damage|p1a: Dragapult|298\/317|[from] Sandstorm","|-damage|p2a: Toxtricity|180\/291|[from] Sandstorm","|upkeep","|turn|6","|","|switch|p2a: Clefable|Clefable, F|394\/394","|move|p1a: Dragapult|Thunderbolt|p2a: Clefable","|-damage|p2a: Clefable|297\/394","|","|-weather|Sandstorm|[upkeep]","|-damage|p1a: Dragapult|279\/317|[from] Sandstorm","|-heal|p2a: Clefable|321\/394|[from] item: Leftovers","|upkeep","|turn|7","|","|switch|p1a: Mandibuzz|Mandibuzz, F|424\/424","|move|p2a: Clefable|Thunder Wave|p1a: Mandibuzz|[miss]","|-miss|p2a: Clefable|p1a: Mandibuzz","|","|-weather|Sandstorm|[upkeep]","|-heal|p2a: Clefable|345\/394|[from] item: Leftovers","|upkeep","|turn|8","|","|move|p1a: Mandibuzz|U-turn|p2a: Clefable","|-resisted|p2a: Clefable","|-damage|p2a: Clefable|319\/394","|","|switch|p1a: Rotom|Rotom-Heat|229\/304","|move|p2a: Clefable|Moonblast|p1a: Rotom","|-resisted|p1a: Rotom","|-damage|p1a: Rotom|178\/304","|","|-weather|none","|-heal|p1a: Rotom|197\/304|[from] item: Leftovers","|-heal|p2a: Clefable|343\/394|[from] item: Leftovers","|upkeep","|turn|9","|","|move|p1a: Rotom|Volt Switch|p2a: Clefable","|-damage|p2a: Clefable|280\/394","|","|switch|p1a: Clefable|Clefable, M|379\/379","|move|p2a: Clefable|Wish|p2a: Clefable","|","|-heal|p2a: Clefable|304\/394|[from] item: Leftovers","|upkeep","|turn|10","|","|switch|p2a: Toxtricity|Toxtricity, M|180\/291","|move|p1a: Clefable|Moonblast|p2a: Toxtricity","|-resisted|p2a: Toxtricity","|-damage|p2a: Toxtricity|55\/291","|","|-heal|p2a: Toxtricity|252\/291|[from] move: Wish|[wisher] Clefable","|upkeep","|turn|11","|","|switch|p1a: Hippowdon|Hippowdon, M|114\/420","|-weather|Sandstorm|[from] ability: Sand Stream|[of] p1a: Hippowdon","|move|p2a: Toxtricity|Snarl|p1a: Hippowdon","|-damage|p1a: Hippowdon|0 fnt","|faint|p1a: Hippowdon","|","|-weather|Sandstorm|[upkeep]","|-damage|p2a: Toxtricity|234\/291|[from] Sandstorm","|upkeep","|","|switch|p1a: Conkeldurr|Conkeldurr, F|414\/414","|turn|12","|","|switch|p2a: Toxapex|Toxapex, M|304\/304","|move|p1a: Conkeldurr|Drain Punch|p2a: Toxapex","|-resisted|p2a: Toxapex","|-damage|p2a: Toxapex|265\/304","|","|-weather|Sandstorm|[upkeep]","|-damage|p1a: Conkeldurr|389\/414|[from] Sandstorm","|-damage|p2a: Toxapex|246\/304|[from] Sandstorm","|-heal|p2a: Toxapex|265\/304|[from] item: Black Sludge","|-status|p1a: Conkeldurr|brn|[from] item: Flame Orb","|upkeep","|turn|13","|","|move|p2a: Toxapex|Baneful Bunker|p2a: Toxapex","|-singleturn|p2a: Toxapex|move: Protect","|move|p1a: Conkeldurr|Earthquake|p2a: Toxapex","|-activate|p2a: Toxapex|move: Protect","|","|-weather|Sandstorm|[upkeep]","|-damage|p1a: Conkeldurr|364\/414 brn|[from] Sandstorm","|-damage|p2a: Toxapex|246\/304|[from] Sandstorm","|-heal|p2a: Toxapex|265\/304|[from] item: Black Sludge","|-damage|p1a: Conkeldurr|339\/414 brn|[from] brn","|upkeep","|turn|14","|","|switch|p2a: Corviknight|Corviknight, F|400\/400","|-ability|p2a: Corviknight|Pressure","|move|p1a: Conkeldurr|Drain Punch|p2a: Corviknight","|-damage|p2a: Corviknight|190\/400","|-heal|p1a: Conkeldurr|414\/414 brn|[from] drain|[of] p2a: Corviknight","|","|-weather|Sandstorm|[upkeep]","|-damage|p1a: Conkeldurr|389\/414 brn|[from] Sandstorm","|-heal|p2a: Corviknight|215\/400|[from] item: Leftovers","|-damage|p1a: Conkeldurr|364\/414 brn|[from] brn","|upkeep","|turn|15","|","|move|p2a: Corviknight|Iron Head|p1a: Conkeldurr","|-damage|p1a: Conkeldurr|274\/414 brn","|cant|p1a: Conkeldurr|flinch","|","|-weather|none","|-heal|p2a: Corviknight|240\/400|[from] item: Leftovers","|-damage|p1a: Conkeldurr|249\/414 brn|[from] brn","|upkeep","|turn|16","|","|move|p2a: Corviknight|U-turn|p1a: Conkeldurr","|-resisted|p1a: Conkeldurr","|-damage|p1a: Conkeldurr|223\/414 brn","|","|switch|p2a: Toxapex|Toxapex, M|304\/304","|move|p1a: Conkeldurr|Drain Punch|p2a: Toxapex","|-resisted|p2a: Toxapex","|-damage|p2a: Toxapex|240\/304","|-heal|p1a: Conkeldurr|255\/414 brn|[from] drain|[of] p2a: Toxapex","|","|-heal|p2a: Toxapex|259\/304|[from] item: Black Sludge","|-damage|p1a: Conkeldurr|230\/414 brn|[from] brn","|upkeep","|turn|17","|","|switch|p1a: Rotom|Rotom-Heat|197\/304","|move|p2a: Toxapex|Baneful Bunker||[still]","|-fail|p2a: Toxapex","|","|-heal|p1a: Rotom|216\/304|[from] item: Leftovers","|-heal|p2a: Toxapex|278\/304|[from] item: Black Sludge","|upkeep","|turn|18","|","|move|p1a: Rotom|Volt Switch|p2a: Toxapex","|-supereffective|p2a: Toxapex","|-damage|p2a: Toxapex|156\/304","|","|switch|p1a: Dragapult|Dragapult, M|279\/317","|move|p2a: Toxapex|Scald|p1a: Dragapult","|-resisted|p1a: Dragapult","|-damage|p1a: Dragapult|245\/317","|-status|p1a: Dragapult|brn","|","|-heal|p2a: Toxapex|175\/304|[from] item: Black Sludge","|-damage|p1a: Dragapult|226\/317 brn|[from] brn","|upkeep","|turn|19","|","|move|p2a: Toxapex|Baneful Bunker|p2a: Toxapex","|-singleturn|p2a: Toxapex|move: Protect","|move|p1a: Dragapult|Shadow Ball|p2a: Toxapex","|-activate|p2a: Toxapex|move: Protect","|","|-heal|p2a: Toxapex|194\/304|[from] item: Black Sludge","|-damage|p1a: Dragapult|207\/317 brn|[from] brn","|upkeep","|turn|20","|","|move|p1a: Dragapult|Shadow Ball|p2a: Toxapex","|-damage|p2a: Toxapex|67\/304","|move|p2a: Toxapex|Recover|p2a: Toxapex","|-heal|p2a: Toxapex|219\/304","|","|-heal|p2a: Toxapex|238\/304|[from] item: Black Sludge","|-damage|p1a: Dragapult|188\/317 brn|[from] brn","|upkeep","|turn|21","|","|switch|p1a: Conkeldurr|Conkeldurr, F|230\/414 brn","|move|p2a: Toxapex|Recover|p2a: Toxapex","|-heal|p2a: Toxapex|304\/304","|","|-damage|p1a: Conkeldurr|205\/414 brn|[from] brn","|upkeep","|turn|22","|","|move|p2a: Toxapex|Baneful Bunker|p2a: Toxapex","|-singleturn|p2a: Toxapex|move: Protect","|move|p1a: Conkeldurr|Earthquake|p2a: Toxapex","|-activate|p2a: Toxapex|move: Protect","|","|-damage|p1a: Conkeldurr|180\/414 brn|[from] brn","|upkeep","|turn|23","|","|move|p1a: Conkeldurr|Earthquake|p2a: Toxapex","|-supereffective|p2a: Toxapex","|-damage|p2a: Toxapex|88\/304","|move|p2a: Toxapex|Scald|p1a: Conkeldurr","|-damage|p1a: Conkeldurr|99\/414 brn","|","|-heal|p2a: Toxapex|107\/304|[from] item: Black Sludge","|-damage|p1a: Conkeldurr|74\/414 brn|[from] brn","|upkeep","|turn|24","|","|move|p2a: Toxapex|Baneful Bunker|p2a: Toxapex","|-singleturn|p2a: Toxapex|move: Protect","|move|p1a: Conkeldurr|Earthquake|p2a: Toxapex","|-activate|p2a: Toxapex|move: Protect","|","|-heal|p2a: Toxapex|126\/304|[from] item: Black Sludge","|-damage|p1a: Conkeldurr|49\/414 brn|[from] brn","|upkeep","|turn|25","|","|switch|p2a: Corviknight|Corviknight, F|240\/400","|-ability|p2a: Corviknight|Pressure","|move|p1a: Conkeldurr|Drain Punch|p2a: Corviknight","|-damage|p2a: Corviknight|9\/400","|-heal|p1a: Conkeldurr|165\/414 brn|[from] drain|[of] p2a: Corviknight","|","|-heal|p2a: Corviknight|34\/400|[from] item: Leftovers","|-damage|p1a: Conkeldurr|140\/414 brn|[from] brn","|upkeep","|turn|26","|","|move|p1a: Conkeldurr|Mach Punch|p2a: Corviknight","|-damage|p2a: Corviknight|0 fnt","|faint|p2a: Corviknight","|","|-damage|p1a: Conkeldurr|115\/414 brn|[from] brn","|upkeep","|","|switch|p2a: Conkeldurr|Conkeldurr, F|228\/352 brn","|turn|27","|","|switch|p1a: Clefable|Clefable, M|379\/379","|move|p2a: Conkeldurr|Mach Punch|p1a: Clefable","|-resisted|p1a: Clefable","|-damage|p1a: Clefable|298\/379","|","|-damage|p2a: Conkeldurr|206\/352 brn|[from] brn","|upkeep","|turn|28","|","|switch|p2a: Toxtricity|Toxtricity, M|234\/291","|move|p1a: Clefable|Thunderbolt|p2a: Toxtricity","|-resisted|p2a: Toxtricity","|-damage|p2a: Toxtricity|156\/291","|","|upkeep","|turn|29","|","|switch|p1a: Rotom|Rotom-Heat|216\/304","|move|p2a: Toxtricity|Overdrive|p1a: Rotom","|-resisted|p1a: Rotom","|-damage|p1a: Rotom|96\/304","|","|-heal|p1a: Rotom|115\/304|[from] item: Leftovers","|upkeep","|turn|30","|","|move|p2a: Toxtricity|Overdrive|p1a: Rotom","|-resisted|p1a: Rotom","|-damage|p1a: Rotom|5\/304","|move|p1a: Rotom|Volt Switch|p2a: Toxtricity","|-resisted|p2a: Toxtricity","|-damage|p2a: Toxtricity|98\/291","|","|switch|p1a: Dragapult|Dragapult, M|188\/317 brn","|","|-damage|p1a: Dragapult|169\/317 brn|[from] brn","|upkeep","|turn|31","|","|switch|p2a: Clefable|Clefable, F|304\/394","|move|p1a: Dragapult|Shadow Ball|p2a: Clefable","|-damage|p2a: Clefable|174\/394","|","|-heal|p2a: Clefable|198\/394|[from] item: Leftovers","|-damage|p1a: Dragapult|150\/317 brn|[from] brn","|upkeep","|turn|32","|","|move|p1a: Dragapult|Shadow Ball|p2a: Clefable","|-damage|p2a: Clefable|62\/394","|move|p2a: Clefable|Moonblast|p1a: Dragapult","|-supereffective|p1a: Dragapult","|-damage|p1a: Dragapult|0 fnt","|faint|p1a: Dragapult","|","|-heal|p2a: Clefable|86\/394|[from] item: Leftovers","|upkeep","|","|switch|p1a: Clefable|Clefable, M|298\/379","|turn|33","|","|move|p2a: Clefable|Protect|p2a: Clefable","|-singleturn|p2a: Clefable|Protect","|move|p1a: Clefable|Moonblast|p2a: Clefable","|-activate|p2a: Clefable|move: Protect","|","|-heal|p2a: Clefable|110\/394|[from] item: Leftovers","|upkeep","|turn|34","|","|move|p1a: Clefable|Moonblast|p2a: Clefable","|-damage|p2a: Clefable|0 fnt","|faint|p2a: Clefable","|","|upkeep","|","|switch|p2a: Toxtricity|Toxtricity, M|98\/291","|turn|35","|","|switch|p1a: Rotom|Rotom-Heat|5\/304","|move|p2a: Toxtricity|Boomburst|p1a: Rotom","|-damage|p1a: Rotom|0 fnt","|faint|p1a: Rotom","|","|upkeep","|","|switch|p1a: Clefable|Clefable, M|298\/379","|turn|36","|","|move|p2a: Toxtricity|Boomburst|p1a: Clefable","|-crit|p1a: Clefable","|-damage|p1a: Clefable|0 fnt","|faint|p1a: Clefable","|","|upkeep","|-message|13415 forfeited.","|","|win|31915","|l|\u260613415","|raw|13415's rating: 1452 &rarr; <strong>1431<\/strong><br \/>(-21 for losing)","|raw|31915's rating: 1441 &rarr; <strong>1462<\/strong><br \/>(+21 for winning)",""],"p1":"13415","p1rating":1452,"p1team":[{"ability":"infiltrator","evs":{"atk":0,"def":0,"hp":0,"spa":252,"spd":4,"spe":252},"happiness":160,"item":"choicespecs","ivs":{"atk":0,"def":31,"hp":31,"spa":31,"spd":31,"spe":31},"level":100,"moves":["dracometeor","shadowball","flamethrower","thunderbolt"],"name":"Dragapult","nature":"Timid","species":"Dragapult"},{"ability":"guts","evs":{"atk":252,"def":0,"hp":252,"spa":0,"spd":4,"spe":0},"happiness":160,"item":"flameorb","ivs":{"atk":31,"def":31,"hp":31,"spa":31,"spd":31,"spe":31},"level":100,"moves":["drainpunch","machpunch","earthquake","poisonjab"],"name":"Conkeldurr","nature":"Adamant","species":"Conkeldurr"},{"ability":"levitate","evs":{"atk":0,"def":252,"hp":252,"spa":4,"spd":0,"spe":0},"gender":"N","happiness":160,"item":"leftovers","ivs":{"atk":0,"def":31,"hp":31,"spa":31,"spd":31,"spe":31},"level":100,"moves":["overheat","voltswitch","willowisp","thunderwave"],"name":"Rotom","nature":"Bold","species":"rotomheat"},{"ability":"magicguard","evs":{"atk":0,"def":0,"hp":192,"spa":252,"spd":0,"spe":64},"happiness":160,"item":"lifeorb","ivs":{"atk":0,"def":31,"hp":31,"spa":31,"spd":31,"spe":31},"level":100,"moves":["moonblast","flamethrower","thunderbolt","moonlight"],"name":"Clefable","nature":"Modest","species":"Clefable"},{"ability":"overcoat","evs":{"atk":0,"def":4,"hp":252,"spa":0,"spd":252,"spe":0},"gender":"F","happiness":160,"item":"heavydutyboots","ivs":{"atk":31,"def":31,"hp":31,"spa":31,"spd":31,"spe":31},"level":100,"moves":["uturn","knockoff","defog","roost"],"name":"Mandibuzz","nature":"Careful","species":"Mandibuzz"},{"ability":"sandstream","evs":{"atk":0,"def":152,"hp":252,"spa":0,"spd":104,"spe":0},"happiness":160,"item":"leftovers","ivs":{"atk":31,"def":31,"hp":31,"spa":31,"spd":31,"spe":31},"level":100,"moves":["earthquake","bodypress","stealthrock","slackoff"],"name":"Hippowdon","nature":"Impish","species":"Hippowdon"}],"p2":"31915","p2rating":1462,"p2team":[{"ability":"regenerator","evs":{"atk":0,"def":252,"hp":252,"spa":0,"spd":4,"spe":0},"happiness":160,"item":"blacksludge","ivs":{"atk":0,"def":31,"hp":31,"spa":31,"spd":31,"spe":31},"level":100,"moves":["scald","recover","banefulbunker","haze"],"name":"Toxapex","nature":"Bold","species":"Toxapex"},{"ability":"pressure","evs":{"atk":0,"def":0,"hp":252,"spa":0,"spd":24,"spe":200},"happiness":160,"item":"leftovers","ivs":{"atk":31,"def":31,"hp":31,"spa":31,"spd":31,"spe":31},"level":100,"moves":["ironhead","uturn","roost","defog"],"name":"Corviknight","nature":"Careful","species":"Corviknight"},{"ability":"levitate","evs":{"atk":0,"def":0,"hp":4,"spa":252,"spd":0,"spe":252},"happiness":160,"item":"choicescarf","ivs":{"atk":31,"def":31,"hp":31,"spa":31,"spd":31,"spe":31},"level":100,"moves":["dracometeor","fireblast","uturn","darkpulse"],"name":"Hydreigon","nature":"Timid","species":"Hydreigon"},{"ability":"magicguard","evs":{"atk":0,"def":4,"hp":252,"spa":0,"spd":252,"spe":0},"happiness":160,"item":"leftovers","ivs":{"atk":0,"def":31,"hp":31,"spa":31,"spd":31,"spe":31},"level":100,"moves":["wish","protect","moonblast","thunderwave"],"name":"Clefable","nature":"Calm","species":"Clefable"},{"ability":"punkrock","evs":{"atk":0,"def":0,"hp":0,"spa":252,"spd":4,"spe":252},"happiness":160,"item":"choicespecs","ivs":{"atk":0,"def":31,"hp":31,"spa":31,"spd":31,"spe":31},"level":100,"moves":["boomburst","voltswitch","overdrive","snarl"],"name":"Toxtricity","nature":"Timid","species":"Toxtricity"},{"ability":"guts","evs":{"atk":252,"def":0,"hp":4,"spa":0,"spd":0,"spe":252},"happiness":160,"item":"flameorb","ivs":{"atk":31,"def":31,"hp":31,"spa":31,"spd":31,"spe":31},"level":100,"moves":["closecombat","drainpunch","machpunch","earthquake"],"name":"Conkeldurr","nature":"Adamant","species":"Conkeldurr"}],"roomid":1017476,"score":[2,4],"seed":[29719,9899,3583,9418],"timestamp":"Sat Dec 28 2019 10:XX","turns":36,"winner":"31915","rated_battle":true,"average_rating":1457}