{"battle_id":100193,"format":"gen8ou","turns":8,"winner":"30206","score":[6,4],"p1":"30206","p1_team":[{"ability":"prankster","evs":{"atk":252,"def":0,"hp":4,"spa":0,"spd":252,"spe":0},"gender":"M","happiness":160,"item":"leftovers","ivs":{"atk":31,"def":31,"hp":31,"spa":31,"spd":31,"spe":31},"level":100,"moves":["bulkup","spiritbreak","sleeptalk","rest"],"name":"Reaper","nature":"Adamant","shiny":true,"species":"grimmsnarl"},{"ability":"gorillatactics","evs":{"atk":252,"def":0,"hp":4,"spa":0,"spd":0,"spe":252},"happiness":160,"item":"choiceband","ivs":{"atk":31,"def":31,"hp":31,"spa":31,"spd":31,"spe":31},"level":100,"moves":["flareblitz","iciclecrash","uturn","earthquake"],"name":"Zenmode or No?","nature":"Jolly","shiny":true,"species":"darmanitangalar"},{"ability":"punkrock","evs":{"atk":0,"def":0,"hp":4,"spa":252,"spd":0,"spe":252},"happiness":160,"item":"throatspray","ivs":{"atk":31,"def":31,"hp":31,"spa":31,"spd":31,"spe":31},"level":100,"moves":["boomburst","overdrive","nuzzle","sludgebomb"],"name":"PunkZ","nature":"Modest","shiny":true,"species":"toxtricitylowkey"},{"ability":"moldbreaker","evs":{"atk":252,"def":0,"hp":4,"spa":0,"spd":0,"spe":252},"happiness":160,"item":"lifeorb","ivs":{"atk":31,"def":31,"hp":31,"spa":31,"spd":31,"spe":31},"level":100,"moves":["earthquake","ironhead","swordsdance","poisonjab"],"name":"Driller","nature":"Adamant","shiny":true,"species":"excadrill"},{"ability":"solidrock","evs":{"atk":4,"def":252,"hp":252,"spa":0,"spd":0,"spe":0},"happiness":160,"item":"leftovers","ivs":{"atk":31,"def":31,"hp":31,"spa":31,"spd":31,"spe":31},"level":100,"moves":["earthquake","stoneedge","sleeptalk","rest"],"name":"Protector RULEZ","nature":"","shiny":true,"species":"rhyperior"},{"ability":"scrappy","evs":{"atk":252,"def":0,"hp":4,"spa":0,"spd":0,"spe":252},"happiness":160,"item":"lifeorb","ivs":{"atk":31,"def":31,"hp":31,"spa":31,"spd":31,"spe":31},"level":100,"moves":["swordsdance","poisonjab","closecombat","knockoff"],"name":"Sharp Celery","nature":"Jolly","shiny":true,"species":"sirfetchd"}],"p2":"3668","p2_team":[{"ability":"unburden","evs":{"atk":188,"def":0,"hp":232,"spa":0,"spd":4,"spe":84},"happiness":160,"item":"psychicseed","ivs":{"atk":31,"def":31,"hp":31,"spa":31,"spd":31,"spe":31},"level":100,"moves":["taunt","acrobatics","drainpunch","swordsdance"],"name":"Hawlucha","nature":"Adamant","species":"Hawlucha"},{"ability":"psychicsurge","evs":{"atk":0,"def":0,"hp":0,"spa":252,"spd":4,"spe":252},"gender":"M","happiness":160,"item":"choicescarf","ivs":{"atk":0,"def":31,"hp":31,"spa":31,"spd":31,"spe":31},"level":100,"moves":["psyshock","trick","mysticalfire","shadowball"],"name":"Indeedee","nature":"Timid","species":"Indeedee"},{"ability":"magicguard","evs":{"atk":0,"def":0,"hp":180,"spa":232,"spd":96,"spe":0},"happiness":160,"item":"redcard","ivs":{"atk":0,"def":31,"hp":31,"spa":31,"spd":31,"spe":31},"level":100,"moves":["moonblast","wish","thunderbolt","thunderwave"],"name":"Clefable","nature":"Modest","species":"Clefable"},{"ability":"stamina","evs":{"atk":0,"def":252,"hp":100,"spa":0,"spd":156,"spe":0},"happiness":160,"item":"leftovers","ivs":{"atk":31,"def":31,"hp":31,"spa":31,"spd":31,"spe":31},"level":100,"moves":["stealthrock","protect","earthquake","bodypress"],"name":"Mudsdale","nature":"Careful","shiny":true,"species":"Mudsdale"},{"ability":"effectspore","evs":{"atk":0,"def":0,"hp":164,"spa":92,"spd":252,"spe":0},"happiness":160,"item":"blacksludge","ivs":{"atk":0,"def":31,"hp":31,"spa":31,"spd":31,"spe":31},"level":100,"moves":["protect","toxic","gigadrain","moonblast"],"name":"Vileplume","nature":"Calm","species":"Vileplume"},{"ability":"synchronize","evs":{"atk":144,"def":0,"hp":108,"spa":0,"spd":4,"spe":252},"gender":"N","happiness":160,"item":"leftovers","ivs":{"atk":31,"def":31,"hp":31,"spa":31,"spd":31,"spe":31},"level":100,"moves":["toxicspikes","leafblade","uturn","darkestlariat"],"name":"Mew","nature":"Jolly","species":"Mew"}],"seed":[51223,50155,52420,12201],"timestamp":"Mon Dec 30 2019 09:XX","end_type":"forfeit","ladder_error":false,"input_log":[">version aa9f8c6b9cf4eca780a1296832ecd3b0009641e0",">version-origin 5e8529faaa5905c5f8e15eafaaefa806ee8c7d06",">start {\"formatid\":\"gen8ou\",\"seed\":[51223,50155,52420,12201],\"rated\":\"Rated battle\"}",">player p1 {\"\"name\":\"30206\",\"rating\":1055}",">player p2 {\"\"name\":\"3668\",\"rating\":1058}",">p1 team 2, 1, 3, 4, 5, 6",">p2 team 6, 2, 3, 4, 5, 1",">p1 move uturn",">p2 switch 4",">p1 switch 2",">p1 move bulkup",">p2 move bodypress",">p1 move bulkup",">p2 move stealthrock",">p1 move bulkup",">p2 move bodypress",">p1 move bulkup",">p2 move protect",">p1 move bulkup",">p2 switch 3",">p1 move spiritbreak",">p2 move moonblast",">p2 switch 2",">p1 move spiritbreak",">p2 move psyshock"],"log":["|j|\u260630206","|j|\u26063668","|player|p1|30206|drayden|1055","|player|p2|3668|1|1058","|teamsize|p1|6","|teamsize|p2|6","|gametype|singles","|gen|8","|tier|[Gen 8] OU","|rated|","|rule|Sleep Clause Mod: Limit one foe put to sleep","|rule|Species Clause: Limit one of each Pok\u00e9mon","|rule|OHKO Clause: OHKO moves are banned","|rule|Evasion Moves Clause: Evasion moves are banned","|rule|Endless Battle Clause: Forcing endless battles is banned","|rule|HP Percentage Mod: HP is shown in percentages","|clearpoke","|poke|p1|Grimmsnarl, M|","|poke|p1|Darmanitan-Galar, F|","|poke|p1|Toxtricity-Low-Key, M|","|poke|p1|Excadrill, M|","|poke|p1|Rhyperior, M|","|poke|p1|Sirfetch'd, M|","|poke|p2|Hawlucha, M|","|poke|p2|Indeedee, M|","|poke|p2|Clefable, M|","|poke|p2|Mudsdale, M|","|poke|p2|Vileplume, M|","|poke|p2|Mew|","|rule|Dynamax Clause: You cannot dynamax","|teampreview","|","|start","|switch|p1a: Zenmode or No?|Darmanitan-Galar, F, shiny|352\/352","|switch|p2a: Mew|Mew|368\/368","|turn|1","|","|switch|p2a: Mudsdale|Mudsdale, M, shiny|366\/366","|move|p1a: Zenmode or No?|U-turn|p2a: Mudsdale","|-damage|p2a: Mudsdale|213\/366","|-ability|p2a: Mudsdale|Stamina|boost","|-boost|p2a: Mudsdale|def|1","|","|switch|p1a: Reaper|Grimmsnarl, M, shiny|332\/332","|","|-heal|p2a: Mudsdale|235\/366|[from] item: Leftovers","|upkeep","|turn|2","|","|move|p1a: Reaper|Bulk Up|p1a: Reaper","|-boost|p1a: Reaper|atk|1","|-boost|p1a: Reaper|def|1","|move|p2a: Mudsdale|Body Press|p1a: Reaper","|-damage|p1a: Reaper|220\/332","|","|-heal|p1a: Reaper|240\/332|[from] item: Leftovers","|-heal|p2a: Mudsdale|257\/366|[from] item: Leftovers","|upkeep","|turn|3","|","|move|p1a: Reaper|Bulk Up|p1a: Reaper","|-boost|p1a: Reaper|atk|1","|-boost|p1a: Reaper|def|1","|move|p2a: Mudsdale|Stealth Rock|p1a: Reaper","|-sidestart30206|move: Stealth Rock","|","|-heal|p1a: Reaper|260\/332|[from] item: Leftovers","|-heal|p2a: Mudsdale|279\/366|[from] item: Leftovers","|upkeep","|turn|4","|","|move|p1a: Reaper|Bulk Up|p1a: Reaper","|-boost|p1a: Reaper|atk|1","|-boost|p1a: Reaper|def|1","|move|p2a: Mudsdale|Body Press|p1a: Reaper","|-damage|p1a: Reaper|189\/332","|","|-heal|p1a: Reaper|209\/332|[from] item: Leftovers","|-heal|p2a: Mudsdale|301\/366|[from] item: Leftovers","|upkeep","|turn|5","|","|move|p2a: Mudsdale|Protect|p2a: Mudsdale","|-singleturn|p2a: Mudsdale|Protect","|move|p1a: Reaper|Bulk Up|p1a: Reaper","|-boost|p1a: Reaper|atk|1","|-boost|p1a: Reaper|def|1","|","|-heal|p1a: Reaper|229\/332|[from] item: Leftovers","|-heal|p2a: Mudsdale|323\/366|[from] item: Leftovers","|upkeep","|turn|6","|","|switch|p2a: Clefable|Clefable, M|376\/376","|move|p1a: Reaper|Bulk Up|p1a: Reaper","|-boost|p1a: Reaper|atk|1","|-boost|p1a: Reaper|def|1","|","|-heal|p1a: Reaper|249\/332|[from] item: Leftovers","|upkeep","|turn|7","|","|move|p1a: Reaper|Spirit Break|p2a: Clefable","|-damage|p2a: Clefable|0 fnt","|faint|p2a: Clefable","|","|-heal|p1a: Reaper|269\/332|[from] item: Leftovers","|upkeep","|","|switch|p2a: Indeedee|Indeedee, M|261\/261","|-fieldstart|move: Psychic Terrain|[from] ability: Psychic Surge|[of] p2a: Indeedee","|turn|8","|","|move|p2a: Indeedee|Psyshock|p1a: Reaper","|-immune|p1a: Reaper","|move|p1a: Reaper|Spirit Break|p2a: Indeedee","|-damage|p2a: Indeedee|0 fnt","|faint|p2a: Indeedee","|","|-heal|p1a: Reaper|289\/332|[from] item: Leftovers","|upkeep","|-message|3668 forfeited.","|","|win|30206","|l|\u26063668","|raw|30206's rating: 1056 &rarr; <strong>1088<\/strong><br \/>(+32 for winning)","|raw|3668's rating: 1059 &rarr; <strong>1040<\/strong><br \/>(-19 for losing)",""],"rated_battle":true,"p1_rating":1055,"p2_rating":1058,"average_rating":1056,"team_preview_state":{"turn":false,"p1":{"active":null,"reserve":[{"name":"grimmsnarl","base_name":"grimmsnarl","level":100,"gender":"M","types":["dark","fairy"],"hp":332,"max_hp":332,"ability":"prankster","item":"leftovers","base_stats":{"hp":95,"attack":120,"defense":65,"special-attack":95,"special-defense":75,"speed":60},"stats":{"hp":332,"attack":372,"defense":166,"special-attack":203,"special-defense":249,"speed":156},"nature":"adamant","evs":{"hp":4,"attack":252,"defense":0,"special-attack":0,"special-defense":252,"speed":0},"ivs":{"hp":31,"attack":31,"defense":31,"special-attack":31,"special-defense":31,"speed":31},"stat_changes":{"attack":5,"defense":5,"special-attack":0,"special-defense":0,"speed":0,"accuracy":0,"evasion":0},"status_condition":null,"volatile_status":[],"moves":[{"name":"bulkup","base_power":0,"accuracy":true,"category":"status","type":"fighting","current_pp":32,"max_pp":32,"disabled":false},{"name":"spiritbreak","base_power":75,"accuracy":100,"category":"physical","type":"fairy","current_pp":16,"max_pp":16,"disabled":false},{"name":"sleeptalk","base_power":0,"accuracy":true,"category":"status","type":"normal","current_pp":16,"max_pp":16,"disabled":false},{"name":"rest","base_power":0,"accuracy":true,"category":"status","type":"psychic","current_pp":16,"max_pp":16,"disabled":false}],"fainted":false},{"name":"darmanitangalar","base_name":"darmanitangalar","level":100,"gender":null,"types":["ice"],"hp":352,"max_hp":352,"ability":"gorillatactics","item":"choiceband","base_stats":{"hp":105,"attack":140,"defense":55,"special-attack":30,"special-defense":55,"speed":95},"stats":{"hp":352,"attack":379,"defense":146,"special-attack":86,"special-defense":146,"speed":317},"nature":"jolly","evs":{"hp":4,"attack":252,"defense":0,"special-attack":0,"special-defense":0,"speed":252},"ivs":{"hp":31,"attack":31,"defense":31,"special-attack":31,"special-defense":31,"speed":31},"stat_changes":{"attack":0,"defense":0,"special-attack":0,"special-defense":0,"speed":0,"accuracy":0,"evasion":0},"status_condition":null,"volatile_status":[],"moves":[{"name":"flareblitz","base_power":120,"accuracy":100,"category":"physical","type":"fire","current_pp":24,"max_pp":24,"disabled":false},{"name":"iciclecrash","base_power":85,"accuracy":90,"category":"physical","type":"ice","current_pp":16,"max_pp":16,"disabled":false},{"name":"uturn","base_power":70,"accuracy":100,"category":"physical","type":"bug","current_pp":32,"max_pp":32,"disabled":false},{"name":"earthquake","base_power":100,"accuracy":100,"category":"physical","type":"ground","current_pp":16,"max_pp":16,"disabled":false}],"fainted":false},{"name":"toxtricitylowkey","base_name":"toxtricitylowkey","level":100,"gender":null,"types":["electric","poison"],"hp":292,"max_hp":292,"ability":"punkrock","item":"throatspray","base_stats":{"hp":75,"attack":98,"defense":70,"special-attack":114,"special-defense":70,"speed":75},"stats":{"hp":292,"attack":208,"defense":176,"special-attack":359,"special-defense":176,"speed":249},"nature":"modest","evs":{"hp":4,"attack":0,"defense":0,"special-attack":252,"special-defense":0,"speed":252},"ivs":{"hp":31,"attack":31,"defense":31,"special-attack":31,"special-defense":31,"speed":31},"stat_changes":{"attack":0,"defense":0,"special-attack":0,"special-defense":0,"speed":0,"accuracy":0,"evasion":0},"status_condition":null,"volatile_status":[],"moves":[{"name":"boomburst","base_power":140,"accuracy":100,"category":"special","type":"normal","current_pp":16,"max_pp":16,"disabled":false},{"name":"overdrive","base_power":80,"accuracy":100,"category":"special","type":"electric","current_pp":16,"max_pp":16,"disabled":false},{"name":"nuzzle","base_power":20,"accuracy":100,"category":"physical","type":"electric","current_pp":32,"max_pp":32,"disabled":false},{"name":"sludgebomb","base_power":90,"accuracy":100,"category":"special","type":"poison","current_pp":16,"max_pp":16,"disabled":false}],"fainted":false},{"name":"excadrill","base_name":"excadrill","level":100,"gender":null,"types":["ground","steel"],"hp":362,"max_hp":362,"ability":"moldbreaker","item":"lifeorb","base_stats":{"hp":110,"attack":135,"defense":60,"special-attack":50,"special-defense":65,"speed":88},"stats":{"hp":362,"attack":405,"defense":156,"special-attack":122,"special-defense":166,"speed":275},"nature":"adamant","evs":{"hp":4,"attack":252,"defense":0,"special-attack":0,"special-defense":0,"speed":252},"ivs":{"hp":31,"attack":31,"defense":31,"special-attack":31,"special-defense":31,"speed":31},"stat_changes":{"attack":0,"defense":0,"special-attack":0,"special-defense":0,"speed":0,"accuracy":0,"evasion":0},"status_condition":null,"volatile_status":[],"moves":[{"name":"earthquake","base_power":100,"accuracy":100,"category":"physical","type":"ground","current_pp":16,"max_pp":16,"disabled":false},{"name":"ironhead","base_power":80,"accuracy":100,"category":"physical","type":"steel","current_pp":24,"max_pp":24,"disabled":false},{"name":"swordsdance","base_power":0,"accuracy":true,"category":"status","type":"normal","current_pp":32,"max_pp":32,"disabled":false},{"name":"poisonjab","base_power":80,"accuracy":100,"category":"physical","type":"poison","current_pp":32,"max_pp":32,"disabled":false}],"fainted":false},{"name":"rhyperior","base_name":"rhyperior","level":100,"gender":null,"types":["ground","rock"],"hp":434,"max_hp":434,"ability":"solidrock","item":"leftovers","base_stats":{"hp":115,"attack":140,"defense":130,"special-attack":55,"special-defense":55,"speed":40},"stats":{"hp":434,"attack":317,"defense":359,"special-attack":146,"special-defense":146,"speed":116},"nature":"","evs":{"hp":252,"attack":4,"defense":252,"special-attack":0,"special-defense":0,"speed":0},"ivs":{"hp":31,"attack":31,"defense":31,"special-attack":31,"special-defense":31,"speed":31},"stat_changes":{"attack":0,"defense":0,"special-attack":0,"special-defense":0,"speed":0,"accuracy":0,"evasion":0},"status_condition":null,"volatile_status":[],"moves":[{"name":"earthquake","base_power":100,"accuracy":100,"category":"physical","type":"ground","current_pp":16,"max_pp":16,"disabled":false},{"name":"stoneedge","base_power":100,"accuracy":80,"category":"physical","type":"rock","current_pp":8,"max_pp":8,"disabled":false},{"name":"sleeptalk","base_power":0,"accuracy":true,"category":"status","type":"normal","current_pp":16,"max_pp":16,"disabled":false},{"name":"rest","base_power":0,"accuracy":true,"category":"status","type":"psychic","current_pp":16,"max_pp":16,"disabled":false}],"fainted":false},{"name":"sirfetchd","base_name":"sirfetchd","level":100,"gender":null,"types":["fighting"],"hp":266,"max_hp":266,"ability":"scrappy","item":"lifeorb","base_stats":{"hp":62,"attack":135,"defense":95,"special-attack":68,"special-defense":82,"speed":65},"stats":{"hp":266,"attack":369,"defense":226,"special-attack":154,"special-defense":200,"speed":251},"nature":"jolly","evs":{"hp":4,"attack":252,"defense":0,"special-attack":0,"special-defense":0,"speed":252},"ivs":{"hp":31,"attack":31,"defense":31,"special-attack":31,"special-defense":31,"speed":31},"stat_changes":{"attack":0,"defense":0,"special-attack":0,"special-defense":0,"speed":0,"accuracy":0,"evasion":0},"status_condition":null,"volatile_status":[],"moves":[{"name":"swordsdance","base_power":0,"accuracy":true,"category":"status","type":"normal","current_pp":32,"max_pp":32,"disabled":false},{"name":"poisonjab","base_power":80,"accuracy":100,"category":"physical","type":"poison","current_pp":32,"max_pp":32,"disabled":false},{"name":"closecombat","base_power":120,"accuracy":100,"category":"physical","type":"fighting","current_pp":8,"max_pp":8,"disabled":false},{"name":"knockoff","base_power":65,"accuracy":100,"category":"physical","type":"dark","current_pp":32,"max_pp":32,"disabled":false}],"fainted":false}],"side_conditions":{},"trapped":false,"last_used_move":{"p1":"","move":"","turn":0},"wish":{"countdown":0,"hp_amount":0},"future_sight":{"countdown":0,"p1":0}},"p2":{"active":null,"reserve":[{"name":"hawlucha","base_name":"hawlucha","level":100,"gender":null,"types":["fighting","flying"],"hp":355,"max_hp":355,"ability":"unburden","item":"psychicseed","base_stats":{"hp":78,"attack":92,"defense":75,"special-attack":74,"special-defense":63,"speed":118},"stats":{"hp":355,"attack":293,"defense":186,"special-attack":165,"special-defense":163,"speed":293},"nature":"adamant","evs":{"hp":232,"attack":188,"defense":0,"special-attack":0,"special-defense":4,"speed":84},"ivs":{"hp":31,"attack":31,"defense":31,"special-attack":31,"special-defense":31,"speed":31},"stat_changes":{"attack":0,"defense":0,"special-attack":0,"special-defense":0,"speed":0,"accuracy":0,"evasion":0},"status_condition":null,"volatile_status":[],"moves":[{"name":"taunt","base_power":0,"accuracy":100,"category":"status","type":"dark","current_pp":32,"max_pp":32,"disabled":false},{"name":"acrobatics","base_power":110,"accuracy":100,"category":"physical","type":"flying","current_pp":24,"max_pp":24,"disabled":false},{"name":"drainpunch","base_power":75,"accuracy":100,"category":"physical","type":"fighting","current_pp":16,"max_pp":16,"disabled":false},{"name":"swordsdance","base_power":0,"accuracy":true,"category":"status","type":"normal","current_pp":32,"max_pp":32,"disabled":false}],"fainted":false},{"name":"indeedee","base_name":"indeedee","level":100,"gender":"M","types":["psychic","normal"],"hp":261,"max_hp":261,"ability":"psychicsurge","item":"choicescarf","base_stats":{"hp":60,"attack":65,"defense":55,"special-attack":105,"special-defense":95,"speed":95},"stats":{"hp":261,"attack":121,"defense":146,"special-attack":309,"special-defense":227,"speed":317},"nature":"timid","evs":{"hp":0,"attack":0,"defense":0,"special-attack":252,"special-defense":4,"speed":252},"ivs":{"hp":31,"attack":0,"defense":31,"special-attack":31,"special-defense":31,"speed":31},"stat_changes":{"attack":0,"defense":0,"special-attack":0,"special-defense":0,"speed":0,"accuracy":0,"evasion":0},"status_condition":null,"volatile_status":[],"moves":[{"name":"psyshock","base_power":80,"accuracy":100,"category":"special","type":"psychic","current_pp":16,"max_pp":16,"disabled":false},{"name":"trick","base_power":0,"accuracy":100,"category":"status","type":"psychic","current_pp":16,"max_pp":16,"disabled":false},{"name":"mysticalfire","base_power":75,"accuracy":100,"category":"special","type":"fire","current_pp":16,"max_pp":16,"disabled":false},{"name":"shadowball","base_power":80,"accuracy":100,"category":"special","type":"ghost","current_pp":24,"max_pp":24,"disabled":false}],"fainted":false},{"name":"clefable","base_name":"clefable","level":100,"gender":null,"types":["fairy"],"hp":376,"max_hp":376,"ability":"magicguard","item":"redcard","base_stats":{"hp":95,"attack":70,"defense":73,"special-attack":95,"special-defense":90,"speed":60},"stats":{"hp":376,"attack":130,"defense":182,"special-attack":312,"special-defense":240,"speed":156},"nature":"modest","evs":{"hp":180,"attack":0,"defense":0,"special-attack":232,"special-defense":96,"speed":0},"ivs":{"hp":31,"attack":0,"defense":31,"special-attack":31,"special-defense":31,"speed":31},"stat_changes":{"attack":0,"defense":0,"special-attack":0,"special-defense":0,"speed":0,"accuracy":0,"evasion":0},"status_condition":null,"volatile_status":[],"moves":[{"name":"moonblast","base_power":95,"accuracy":100,"category":"special","type":"fairy","current_pp":24,"max_pp":24,"disabled":false},{"name":"wish","base_power":0,"accuracy":true,"category":"status","type":"normal","current_pp":16,"max_pp":16,"disabled":false},{"name":"thunderbolt","base_power":90,"accuracy":100,"category":"special","type":"electric","current_pp":24,"max_pp":24,"disabled":false},{"name":"thunderwave","base_power":0,"accuracy":90,"category":"status","type":"electric","current_pp":32,"max_pp":32,"disabled":false}],"fainted":false},{"name":"mudsdale","base_name":"mudsdale","level":100,"gender":null,"types":["ground"],"hp":366,"max_hp":366,"ability":"stamina","item":"leftovers","base_stats":{"hp":100,"attack":125,"defense":100,"special-attack":55,"special-defense":85,"speed":35},"stats":{"hp":366,"attack":286,"defense":299,"special-attack":131,"special-defense":269,"speed":106},"nature":"careful","evs":{"hp":100,"attack":0,"defense":252,"special-attack":0,"special-defense":156,"speed":0},"ivs":{"hp":31,"attack":31,"defense":31,"special-attack":31,"special-defense":31,"speed":31},"stat_changes":{"attack":0,"defense":1,"special-attack":0,"special-defense":0,"speed":0,"accuracy":0,"evasion":0},"status_condition":null,"volatile_status":[],"moves":[{"name":"stealthrock","base_power":0,"accuracy":true,"category":"status","type":"rock","current_pp":32,"max_pp":32,"disabled":false},{"name":"protect","base_power":0,"accuracy":true,"category":"status","type":"normal","current_pp":16,"max_pp":16,"disabled":false},{"name":"earthquake","base_power":100,"accuracy":100,"category":"physical","type":"ground","current_pp":16,"max_pp":16,"disabled":false},{"name":"bodypress","base_power":80,"accuracy":100,"category":"physical","type":"fighting","current_pp":16,"max_pp":16,"disabled":false}],"fainted":false},{"name":"vileplume","base_name":"vileplume","level":100,"gender":null,"types":["grass","poison"],"hp":332,"max_hp":332,"ability":"effectspore","item":"blacksludge","base_stats":{"hp":75,"attack":80,"defense":85,"special-attack":110,"special-defense":90,"speed":50},"stats":{"hp":332,"attack":148,"defense":206,"special-attack":279,"special-defense":306,"speed":136},"nature":"calm","evs":{"hp":164,"attack":0,"defense":0,"special-attack":92,"special-defense":252,"speed":0},"ivs":{"hp":31,"attack":0,"defense":31,"special-attack":31,"special-defense":31,"speed":31},"stat_changes":{"attack":0,"defense":0,"special-attack":0,"special-defense":0,"speed":0,"accuracy":0,"evasion":0},"status_condition":null,"volatile_status":[],"moves":[{"name":"protect","base_power":0,"accuracy":true,"category":"status","type":"normal","current_pp":16,"max_pp":16,"disabled":false},{"name":"toxic","base_power":0,"accuracy":90,"category":"status","type":"poison","current_pp":16,"max_pp":16,"disabled":false},{"name":"gigadrain","base_power":75,"accuracy":100,"category":"special","type":"grass","current_pp":16,"max_pp":16,"disabled":false},{"name":"moonblast","base_power":95,"accuracy":100,"category":"special","type":"fairy","current_pp":24,"max_pp":24,"disabled":false}],"fainted":false},{"name":"mew","base_name":"mew","level":100,"gender":"N","types":["psychic"],"hp":368,"max_hp":368,"ability":"synchronize","item":"leftovers","base_stats":{"hp":100,"attack":100,"defense":100,"special-attack":100,"special-defense":100,"speed":100},"stats":{"hp":368,"attack":272,"defense":236,"special-attack":212,"special-defense":237,"speed":328},"nature":"jolly","evs":{"hp":108,"attack":144,"defense":0,"special-attack":0,"special-defense":4,"speed":252},"ivs":{"hp":31,"attack":31,"defense":31,"special-attack":31,"special-defense":31,"speed":31},"stat_changes":{"attack":0,"defense":0,"special-attack":0,"special-defense":0,"speed":0,"accuracy":0,"evasion":0},"status_condition":null,"volatile_status":[],"moves":[{"name":"toxicspikes","base_power":0,"accuracy":true,"category":"status","type":"poison","current_pp":32,"max_pp":32,"disabled":false},{"name":"leafblade","base_power":90,"accuracy":100,"category":"physical","type":"grass","current_pp":24,"max_pp":24,"disabled":false},{"name":"uturn","base_power":70,"accuracy":100,"category":"physical","type":"bug","current_pp":32,"max_pp":32,"disabled":false},{"name":"darkestlariat","base_power":85,"accuracy":100,"category":"physical","type":"dark","current_pp":16,"max_pp":16,"disabled":false}],"fainted":false}],"side_conditions":{},"trapped":false,"last_used_move":{"p1":"","move":"","turn":0},"wish":{"countdown":0,"hp_amount":0},"future_sight":{"countdown":0,"p1":0}},"weather":null,"field":null,"trick_room":false},"game_states":{"turn 1":{"turn":1,"p1":{"active":{"name":"darmanitangalar","types":["ice"],"hp":352,"max_hp":352,"ability":"gorillatactics","item":"choiceband","stats":{"hp":352,"attack":379,"defense":146,"special-attack":86,"special-defense":146,"speed":317},"stat_changes":{"attack":0,"defense":0,"special-attack":0,"special-defense":0,"speed":0,"accuracy":0,"evasion":0},"status_condition":null,"volatile_status":[],"moves":[{"name":"flareblitz","current_pp":24,"disabled":false},{"name":"iciclecrash","current_pp":16,"disabled":false},{"name":"uturn","current_pp":32,"disabled":false},{"name":"earthquake","current_pp":16,"disabled":false}],"fainted":false},"reserve":{"grimmsnarl":{"name":"grimmsnarl","hp":332,"max_hp":332,"ability":"prankster","item":"leftovers","status_condition":null,"moves":[{"name":"bulkup","pp":32},{"name":"spiritbreak","pp":16},{"name":"sleeptalk","pp":16},{"name":"rest","pp":16}],"fainted":false},"toxtricitylowkey":{"name":"toxtricitylowkey","hp":292,"max_hp":292,"ability":"punkrock","item":"throatspray","status_condition":null,"moves":[{"name":"boomburst","pp":16},{"name":"overdrive","pp":16},{"name":"nuzzle","pp":32},{"name":"sludgebomb","pp":16}],"fainted":false},"excadrill":{"name":"excadrill","hp":362,"max_hp":362,"ability":"moldbreaker","item":"lifeorb","status_condition":null,"moves":[{"name":"earthquake","pp":16},{"name":"ironhead","pp":24},{"name":"swordsdance","pp":32},{"name":"poisonjab","pp":32}],"fainted":false},"rhyperior":{"name":"rhyperior","hp":434,"max_hp":434,"ability":"solidrock","item":"leftovers","status_condition":null,"moves":[{"name":"earthquake","pp":16},{"name":"stoneedge","pp":8},{"name":"sleeptalk","pp":16},{"name":"rest","pp":16}],"fainted":false},"sirfetchd":{"name":"sirfetchd","hp":266,"max_hp":266,"ability":"scrappy","item":"lifeorb","status_condition":null,"moves":[{"name":"swordsdance","pp":32},{"name":"poisonjab","pp":32},{"name":"closecombat","pp":8},{"name":"knockoff","pp":32}],"fainted":false}},"side_conditions":{},"trapped":false,"last_used_move":{"p1":null,"move":"switch darmanitangalar","turn":false},"wish":{"countdown":0,"hp_amount":0},"future_sight":{"countdown":0,"p1":0}},"p2":{"active":{"name":"mew","types":["psychic"],"hp":368,"max_hp":368,"ability":"synchronize","item":"leftovers","stats":{"hp":368,"attack":272,"defense":236,"special-attack":212,"special-defense":237,"speed":328},"stat_changes":{"attack":0,"defense":0,"special-attack":0,"special-defense":0,"speed":0,"accuracy":0,"evasion":0},"status_condition":null,"volatile_status":[],"moves":[{"name":"toxicspikes","current_pp":32,"disabled":false},{"name":"leafblade","current_pp":24,"disabled":false},{"name":"uturn","current_pp":32,"disabled":false},{"name":"darkestlariat","current_pp":16,"disabled":false}],"fainted":false},"reserve":{"hawlucha":{"name":"hawlucha","hp":355,"max_hp":355,"ability":"unburden","item":"psychicseed","status_condition":null,"moves":[{"name":"taunt","pp":32},{"name":"acrobatics","pp":24},{"name":"drainpunch","pp":16},{"name":"swordsdance","pp":32}],"fainted":false},"indeedee":{"name":"indeedee","hp":261,"max_hp":261,"ability":"psychicsurge","item":"choicescarf","status_condition":null,"moves":[{"name":"psyshock","pp":16},{"name":"trick","pp":16},{"name":"mysticalfire","pp":16},{"name":"shadowball","pp":24}],"fainted":false},"clefable":{"name":"clefable","hp":376,"max_hp":376,"ability":"magicguard","item":"redcard","status_condition":null,"moves":[{"name":"moonblast","pp":24},{"name":"wish","pp":16},{"name":"thunderbolt","pp":24},{"name":"thunderwave","pp":32}],"fainted":false},"mudsdale":{"name":"mudsdale","hp":366,"max_hp":366,"ability":"stamina","item":"leftovers","status_condition":null,"moves":[{"name":"stealthrock","pp":32},{"name":"protect","pp":16},{"name":"earthquake","pp":16},{"name":"bodypress","pp":16}],"fainted":false},"vileplume":{"name":"vileplume","hp":332,"max_hp":332,"ability":"effectspore","item":"blacksludge","status_condition":null,"moves":[{"name":"protect","pp":16},{"name":"toxic","pp":16},{"name":"gigadrain","pp":16},{"name":"moonblast","pp":24}],"fainted":false}},"side_conditions":{},"trapped":false,"last_used_move":{"p1":null,"move":"switch mew","turn":false},"wish":{"countdown":0,"hp_amount":0},"future_sight":{"countdown":0,"p1":0}},"weather":null,"field":null,"trick_room":false},"turn 2":{"turn":2,"p1":{"active":{"name":"grimmsnarl","types":["dark","fairy"],"hp":332,"max_hp":332,"ability":"prankster","item":"leftovers","stats":{"hp":332,"attack":372,"defense":166,"special-attack":203,"special-defense":249,"speed":156},"stat_changes":{"attack":5,"defense":5,"special-attack":0,"special-defense":0,"speed":0,"accuracy":0,"evasion":0},"status_condition":null,"volatile_status":[],"moves":[{"name":"bulkup","current_pp":32,"disabled":false},{"name":"spiritbreak","current_pp":16,"disabled":false},{"name":"sleeptalk","current_pp":16,"disabled":false},{"name":"rest","current_pp":16,"disabled":false}],"fainted":false},"reserve":{"toxtricitylowkey":{"name":"toxtricitylowkey","hp":292,"max_hp":292,"ability":"punkrock","item":"throatspray","status_condition":null,"moves":[{"name":"boomburst","pp":16},{"name":"overdrive","pp":16},{"name":"nuzzle","pp":32},{"name":"sludgebomb","pp":16}],"fainted":false},"excadrill":{"name":"excadrill","hp":362,"max_hp":362,"ability":"moldbreaker","item":"lifeorb","status_condition":null,"moves":[{"name":"earthquake","pp":16},{"name":"ironhead","pp":24},{"name":"swordsdance","pp":32},{"name":"poisonjab","pp":32}],"fainted":false},"rhyperior":{"name":"rhyperior","hp":434,"max_hp":434,"ability":"solidrock","item":"leftovers","status_condition":null,"moves":[{"name":"earthquake","pp":16},{"name":"stoneedge","pp":8},{"name":"sleeptalk","pp":16},{"name":"rest","pp":16}],"fainted":false},"sirfetchd":{"name":"sirfetchd","hp":266,"max_hp":266,"ability":"scrappy","item":"lifeorb","status_condition":null,"moves":[{"name":"swordsdance","pp":32},{"name":"poisonjab","pp":32},{"name":"closecombat","pp":8},{"name":"knockoff","pp":32}],"fainted":false},"darmanitangalar":{"name":"darmanitangalar","hp":352,"max_hp":352,"ability":"gorillatactics","item":"choiceband","status_condition":null,"moves":[{"name":"flareblitz","pp":24},{"name":"iciclecrash","pp":16},{"name":"uturn","pp":31},{"name":"earthquake","pp":16}],"fainted":false}},"side_conditions":{"toxic_count":0,"protect":0},"trapped":false,"last_used_move":{"p1":null,"move":"switch grimmsnarl","turn":1},"wish":{"countdown":0,"hp_amount":0},"future_sight":{"countdown":0,"p1":0}},"p2":{"active":{"name":"mudsdale","types":["ground"],"hp":235,"max_hp":366,"ability":"stamina","item":"leftovers","stats":{"hp":366,"attack":286,"defense":299,"special-attack":131,"special-defense":269,"speed":106},"stat_changes":{"attack":0,"defense":1,"special-attack":0,"special-defense":0,"speed":0,"accuracy":0,"evasion":0},"status_condition":null,"volatile_status":[],"moves":[{"name":"stealthrock","current_pp":32,"disabled":false},{"name":"protect","current_pp":16,"disabled":false},{"name":"earthquake","current_pp":16,"disabled":false},{"name":"bodypress","current_pp":16,"disabled":false}],"fainted":false},"reserve":{"hawlucha":{"name":"hawlucha","hp":355,"max_hp":355,"ability":"unburden","item":"psychicseed","status_condition":null,"moves":[{"name":"taunt","pp":32},{"name":"acrobatics","pp":24},{"name":"drainpunch","pp":16},{"name":"swordsdance","pp":32}],"fainted":false},"indeedee":{"name":"indeedee","hp":261,"max_hp":261,"ability":"psychicsurge","item":"choicescarf","status_condition":null,"moves":[{"name":"psyshock","pp":16},{"name":"trick","pp":16},{"name":"mysticalfire","pp":16},{"name":"shadowball","pp":24}],"fainted":false},"clefable":{"name":"clefable","hp":376,"max_hp":376,"ability":"magicguard","item":"redcard","status_condition":null,"moves":[{"name":"moonblast","pp":24},{"name":"wish","pp":16},{"name":"thunderbolt","pp":24},{"name":"thunderwave","pp":32}],"fainted":false},"vileplume":{"name":"vileplume","hp":332,"max_hp":332,"ability":"effectspore","item":"blacksludge","status_condition":null,"moves":[{"name":"protect","pp":16},{"name":"toxic","pp":16},{"name":"gigadrain","pp":16},{"name":"moonblast","pp":24}],"fainted":false},"mew":{"name":"mew","hp":368,"max_hp":368,"ability":"synchronize","item":"leftovers","status_condition":null,"moves":[{"name":"toxicspikes","pp":32},{"name":"leafblade","pp":24},{"name":"uturn","pp":32},{"name":"darkestlariat","pp":16}],"fainted":false}},"side_conditions":{"toxic_count":0,"protect":0},"trapped":false,"last_used_move":{"p1":null,"move":"switch mudsdale","turn":1},"wish":{"countdown":0,"hp_amount":0},"future_sight":{"countdown":0,"p1":0}},"weather":null,"field":null,"trick_room":false},"turn 3":{"turn":3,"p1":{"active":{"name":"grimmsnarl","types":["dark","fairy"],"hp":240,"max_hp":332,"ability":"prankster","item":"leftovers","stats":{"hp":332,"attack":372,"defense":166,"special-attack":203,"special-defense":249,"speed":156},"stat_changes":{"attack":5,"defense":5,"special-attack":0,"special-defense":0,"speed":0,"accuracy":0,"evasion":0},"status_condition":null,"volatile_status":[],"moves":[{"name":"bulkup","current_pp":31,"disabled":false},{"name":"spiritbreak","current_pp":16,"disabled":false},{"name":"sleeptalk","current_pp":16,"disabled":false},{"name":"rest","current_pp":16,"disabled":false}],"fainted":false},"reserve":{"toxtricitylowkey":{"name":"toxtricitylowkey","hp":292,"max_hp":292,"ability":"punkrock","item":"throatspray","status_condition":null,"moves":[{"name":"boomburst","pp":16},{"name":"overdrive","pp":16},{"name":"nuzzle","pp":32},{"name":"sludgebomb","pp":16}],"fainted":false},"excadrill":{"name":"excadrill","hp":362,"max_hp":362,"ability":"moldbreaker","item":"lifeorb","status_condition":null,"moves":[{"name":"earthquake","pp":16},{"name":"ironhead","pp":24},{"name":"swordsdance","pp":32},{"name":"poisonjab","pp":32}],"fainted":false},"rhyperior":{"name":"rhyperior","hp":434,"max_hp":434,"ability":"solidrock","item":"leftovers","status_condition":null,"moves":[{"name":"earthquake","pp":16},{"name":"stoneedge","pp":8},{"name":"sleeptalk","pp":16},{"name":"rest","pp":16}],"fainted":false},"sirfetchd":{"name":"sirfetchd","hp":266,"max_hp":266,"ability":"scrappy","item":"lifeorb","status_condition":null,"moves":[{"name":"swordsdance","pp":32},{"name":"poisonjab","pp":32},{"name":"closecombat","pp":8},{"name":"knockoff","pp":32}],"fainted":false},"darmanitangalar":{"name":"darmanitangalar","hp":352,"max_hp":352,"ability":"gorillatactics","item":"choiceband","status_condition":null,"moves":[{"name":"flareblitz","pp":24},{"name":"iciclecrash","pp":16},{"name":"uturn","pp":31},{"name":"earthquake","pp":16}],"fainted":false}},"side_conditions":{"toxic_count":0,"protect":0},"trapped":false,"last_used_move":{"p1":"grimmsnarl","move":"bulkup","turn":2},"wish":{"countdown":0,"hp_amount":0},"future_sight":{"countdown":0,"p1":0}},"p2":{"active":{"name":"mudsdale","types":["ground"],"hp":257,"max_hp":366,"ability":"stamina","item":"leftovers","stats":{"hp":366,"attack":286,"defense":299,"special-attack":131,"special-defense":269,"speed":106},"stat_changes":{"attack":0,"defense":1,"special-attack":0,"special-defense":0,"speed":0,"accuracy":0,"evasion":0},"status_condition":null,"volatile_status":[],"moves":[{"name":"stealthrock","current_pp":32,"disabled":false},{"name":"protect","current_pp":16,"disabled":false},{"name":"earthquake","current_pp":16,"disabled":false},{"name":"bodypress","current_pp":15,"disabled":false}],"fainted":false},"reserve":{"hawlucha":{"name":"hawlucha","hp":355,"max_hp":355,"ability":"unburden","item":"psychicseed","status_condition":null,"moves":[{"name":"taunt","pp":32},{"name":"acrobatics","pp":24},{"name":"drainpunch","pp":16},{"name":"swordsdance","pp":32}],"fainted":false},"indeedee":{"name":"indeedee","hp":261,"max_hp":261,"ability":"psychicsurge","item":"choicescarf","status_condition":null,"moves":[{"name":"psyshock","pp":16},{"name":"trick","pp":16},{"name":"mysticalfire","pp":16},{"name":"shadowball","pp":24}],"fainted":false},"clefable":{"name":"clefable","hp":376,"max_hp":376,"ability":"magicguard","item":"redcard","status_condition":null,"moves":[{"name":"moonblast","pp":24},{"name":"wish","pp":16},{"name":"thunderbolt","pp":24},{"name":"thunderwave","pp":32}],"fainted":false},"vileplume":{"name":"vileplume","hp":332,"max_hp":332,"ability":"effectspore","item":"blacksludge","status_condition":null,"moves":[{"name":"protect","pp":16},{"name":"toxic","pp":16},{"name":"gigadrain","pp":16},{"name":"moonblast","pp":24}],"fainted":false},"mew":{"name":"mew","hp":368,"max_hp":368,"ability":"synchronize","item":"leftovers","status_condition":null,"moves":[{"name":"toxicspikes","pp":32},{"name":"leafblade","pp":24},{"name":"uturn","pp":32},{"name":"darkestlariat","pp":16}],"fainted":false}},"side_conditions":{"toxic_count":0,"protect":0},"trapped":false,"last_used_move":{"p1":"mudsdale","move":"bodypress","turn":2},"wish":{"countdown":0,"hp_amount":0},"future_sight":{"countdown":0,"p1":0}},"weather":null,"field":null,"trick_room":false},"turn 4":{"turn":4,"p1":{"active":{"name":"grimmsnarl","types":["dark","fairy"],"hp":260,"max_hp":332,"ability":"prankster","item":"leftovers","stats":{"hp":332,"attack":372,"defense":166,"special-attack":203,"special-defense":249,"speed":156},"stat_changes":{"attack":5,"defense":5,"special-attack":0,"special-defense":0,"speed":0,"accuracy":0,"evasion":0},"status_condition":null,"volatile_status":[],"moves":[{"name":"bulkup","current_pp":30,"disabled":false},{"name":"spiritbreak","current_pp":16,"disabled":false},{"name":"sleeptalk","current_pp":16,"disabled":false},{"name":"rest","current_pp":16,"disabled":false}],"fainted":false},"reserve":{"toxtricitylowkey":{"name":"toxtricitylowkey","hp":292,"max_hp":292,"ability":"punkrock","item":"throatspray","status_condition":null,"moves":[{"name":"boomburst","pp":16},{"name":"overdrive","pp":16},{"name":"nuzzle","pp":32},{"name":"sludgebomb","pp":16}],"fainted":false},"excadrill":{"name":"excadrill","hp":362,"max_hp":362,"ability":"moldbreaker","item":"lifeorb","status_condition":null,"moves":[{"name":"earthquake","pp":16},{"name":"ironhead","pp":24},{"name":"swordsdance","pp":32},{"name":"poisonjab","pp":32}],"fainted":false},"rhyperior":{"name":"rhyperior","hp":434,"max_hp":434,"ability":"solidrock","item":"leftovers","status_condition":null,"moves":[{"name":"earthquake","pp":16},{"name":"stoneedge","pp":8},{"name":"sleeptalk","pp":16},{"name":"rest","pp":16}],"fainted":false},"sirfetchd":{"name":"sirfetchd","hp":266,"max_hp":266,"ability":"scrappy","item":"lifeorb","status_condition":null,"moves":[{"name":"swordsdance","pp":32},{"name":"poisonjab","pp":32},{"name":"closecombat","pp":8},{"name":"knockoff","pp":32}],"fainted":false},"darmanitangalar":{"name":"darmanitangalar","hp":352,"max_hp":352,"ability":"gorillatactics","item":"choiceband","status_condition":null,"moves":[{"name":"flareblitz","pp":24},{"name":"iciclecrash","pp":16},{"name":"uturn","pp":31},{"name":"earthquake","pp":16}],"fainted":false}},"side_conditions":{"toxic_count":0,"protect":0},"trapped":false,"last_used_move":{"p1":"grimmsnarl","move":"bulkup","turn":3},"wish":{"countdown":0,"hp_amount":0},"future_sight":{"countdown":0,"p1":0}},"p2":{"active":{"name":"mudsdale","types":["ground"],"hp":279,"max_hp":366,"ability":"stamina","item":"leftovers","stats":{"hp":366,"attack":286,"defense":299,"special-attack":131,"special-defense":269,"speed":106},"stat_changes":{"attack":0,"defense":1,"special-attack":0,"special-defense":0,"speed":0,"accuracy":0,"evasion":0},"status_condition":null,"volatile_status":[],"moves":[{"name":"stealthrock","current_pp":31,"disabled":false},{"name":"protect","current_pp":16,"disabled":false},{"name":"earthquake","current_pp":16,"disabled":false},{"name":"bodypress","current_pp":15,"disabled":false}],"fainted":false},"reserve":{"hawlucha":{"name":"hawlucha","hp":355,"max_hp":355,"ability":"unburden","item":"psychicseed","status_condition":null,"moves":[{"name":"taunt","pp":32},{"name":"acrobatics","pp":24},{"name":"drainpunch","pp":16},{"name":"swordsdance","pp":32}],"fainted":false},"indeedee":{"name":"indeedee","hp":261,"max_hp":261,"ability":"psychicsurge","item":"choicescarf","status_condition":null,"moves":[{"name":"psyshock","pp":16},{"name":"trick","pp":16},{"name":"mysticalfire","pp":16},{"name":"shadowball","pp":24}],"fainted":false},"clefable":{"name":"clefable","hp":376,"max_hp":376,"ability":"magicguard","item":"redcard","status_condition":null,"moves":[{"name":"moonblast","pp":24},{"name":"wish","pp":16},{"name":"thunderbolt","pp":24},{"name":"thunderwave","pp":32}],"fainted":false},"vileplume":{"name":"vileplume","hp":332,"max_hp":332,"ability":"effectspore","item":"blacksludge","status_condition":null,"moves":[{"name":"protect","pp":16},{"name":"toxic","pp":16},{"name":"gigadrain","pp":16},{"name":"moonblast","pp":24}],"fainted":false},"mew":{"name":"mew","hp":368,"max_hp":368,"ability":"synchronize","item":"leftovers","status_condition":null,"moves":[{"name":"toxicspikes","pp":32},{"name":"leafblade","pp":24},{"name":"uturn","pp":32},{"name":"darkestlariat","pp":16}],"fainted":false}},"side_conditions":{"toxic_count":0,"protect":0},"trapped":false,"last_used_move":{"p1":"mudsdale","move":"stealthrock","turn":3},"wish":{"countdown":0,"hp_amount":0},"future_sight":{"countdown":0,"p1":0}},"weather":null,"field":null,"trick_room":false},"turn 5":{"turn":5,"p1":{"active":{"name":"grimmsnarl","types":["dark","fairy"],"hp":209,"max_hp":332,"ability":"prankster","item":"leftovers","stats":{"hp":332,"attack":372,"defense":166,"special-attack":203,"special-defense":249,"speed":156},"stat_changes":{"attack":5,"defense":5,"special-attack":0,"special-defense":0,"speed":0,"accuracy":0,"evasion":0},"status_condition":null,"volatile_status":[],"moves":[{"name":"bulkup","current_pp":29,"disabled":false},{"name":"spiritbreak","current_pp":16,"disabled":false},{"name":"sleeptalk","current_pp":16,"disabled":false},{"name":"rest","current_pp":16,"disabled":false}],"fainted":false},"reserve":{"toxtricitylowkey":{"name":"toxtricitylowkey","hp":292,"max_hp":292,"ability":"punkrock","item":"throatspray","status_condition":null,"moves":[{"name":"boomburst","pp":16},{"name":"overdrive","pp":16},{"name":"nuzzle","pp":32},{"name":"sludgebomb","pp":16}],"fainted":false},"excadrill":{"name":"excadrill","hp":362,"max_hp":362,"ability":"moldbreaker","item":"lifeorb","status_condition":null,"moves":[{"name":"earthquake","pp":16},{"name":"ironhead","pp":24},{"name":"swordsdance","pp":32},{"name":"poisonjab","pp":32}],"fainted":false},"rhyperior":{"name":"rhyperior","hp":434,"max_hp":434,"ability":"solidrock","item":"leftovers","status_condition":null,"moves":[{"name":"earthquake","pp":16},{"name":"stoneedge","pp":8},{"name":"sleeptalk","pp":16},{"name":"rest","pp":16}],"fainted":false},"sirfetchd":{"name":"sirfetchd","hp":266,"max_hp":266,"ability":"scrappy","item":"lifeorb","status_condition":null,"moves":[{"name":"swordsdance","pp":32},{"name":"poisonjab","pp":32},{"name":"closecombat","pp":8},{"name":"knockoff","pp":32}],"fainted":false},"darmanitangalar":{"name":"darmanitangalar","hp":352,"max_hp":352,"ability":"gorillatactics","item":"choiceband","status_condition":null,"moves":[{"name":"flareblitz","pp":24},{"name":"iciclecrash","pp":16},{"name":"uturn","pp":31},{"name":"earthquake","pp":16}],"fainted":false}},"side_conditions":{"toxic_count":0,"protect":0},"trapped":false,"last_used_move":{"p1":"grimmsnarl","move":"bulkup","turn":4},"wish":{"countdown":0,"hp_amount":0},"future_sight":{"countdown":0,"p1":0}},"p2":{"active":{"name":"mudsdale","types":["ground"],"hp":301,"max_hp":366,"ability":"stamina","item":"leftovers","stats":{"hp":366,"attack":286,"defense":299,"special-attack":131,"special-defense":269,"speed":106},"stat_changes":{"attack":0,"defense":1,"special-attack":0,"special-defense":0,"speed":0,"accuracy":0,"evasion":0},"status_condition":null,"volatile_status":[],"moves":[{"name":"stealthrock","current_pp":31,"disabled":false},{"name":"protect","current_pp":16,"disabled":false},{"name":"earthquake","current_pp":16,"disabled":false},{"name":"bodypress","current_pp":14,"disabled":false}],"fainted":false},"reserve":{"hawlucha":{"name":"hawlucha","hp":355,"max_hp":355,"ability":"unburden","item":"psychicseed","status_condition":null,"moves":[{"name":"taunt","pp":32},{"name":"acrobatics","pp":24},{"name":"drainpunch","pp":16},{"name":"swordsdance","pp":32}],"fainted":false},"indeedee":{"name":"indeedee","hp":261,"max_hp":261,"ability":"psychicsurge","item":"choicescarf","status_condition":null,"moves":[{"name":"psyshock","pp":16},{"name":"trick","pp":16},{"name":"mysticalfire","pp":16},{"name":"shadowball","pp":24}],"fainted":false},"clefable":{"name":"clefable","hp":376,"max_hp":376,"ability":"magicguard","item":"redcard","status_condition":null,"moves":[{"name":"moonblast","pp":24},{"name":"wish","pp":16},{"name":"thunderbolt","pp":24},{"name":"thunderwave","pp":32}],"fainted":false},"vileplume":{"name":"vileplume","hp":332,"max_hp":332,"ability":"effectspore","item":"blacksludge","status_condition":null,"moves":[{"name":"protect","pp":16},{"name":"toxic","pp":16},{"name":"gigadrain","pp":16},{"name":"moonblast","pp":24}],"fainted":false},"mew":{"name":"mew","hp":368,"max_hp":368,"ability":"synchronize","item":"leftovers","status_condition":null,"moves":[{"name":"toxicspikes","pp":32},{"name":"leafblade","pp":24},{"name":"uturn","pp":32},{"name":"darkestlariat","pp":16}],"fainted":false}},"side_conditions":{"toxic_count":0,"protect":0},"trapped":false,"last_used_move":{"p1":"mudsdale","move":"bodypress","turn":4},"wish":{"countdown":0,"hp_amount":0},"future_sight":{"countdown":0,"p1":0}},"weather":null,"field":null,"trick_room":false},"turn 6":{"turn":6,"p1":{"active":{"name":"grimmsnarl","types":["dark","fairy"],"hp":229,"max_hp":332,"ability":"prankster","item":"leftovers","stats":{"hp":332,"attack":372,"defense":166,"special-attack":203,"special-defense":249,"speed":156},"stat_changes":{"attack":5,"defense":5,"special-attack":0,"special-defense":0,"speed":0,"accuracy":0,"evasion":0},"status_condition":null,"volatile_status":[],"moves":[{"name":"bulkup","current_pp":28,"disabled":false},{"name":"spiritbreak","current_pp":16,"disabled":false},{"name":"sleeptalk","current_pp":16,"disabled":false},{"name":"rest","current_pp":16,"disabled":false}],"fainted":false},"reserve":{"toxtricitylowkey":{"name":"toxtricitylowkey","hp":292,"max_hp":292,"ability":"punkrock","item":"throatspray","status_condition":null,"moves":[{"name":"boomburst","pp":16},{"name":"overdrive","pp":16},{"name":"nuzzle","pp":32},{"name":"sludgebomb","pp":16}],"fainted":false},"excadrill":{"name":"excadrill","hp":362,"max_hp":362,"ability":"moldbreaker","item":"lifeorb","status_condition":null,"moves":[{"name":"earthquake","pp":16},{"name":"ironhead","pp":24},{"name":"swordsdance","pp":32},{"name":"poisonjab","pp":32}],"fainted":false},"rhyperior":{"name":"rhyperior","hp":434,"max_hp":434,"ability":"solidrock","item":"leftovers","status_condition":null,"moves":[{"name":"earthquake","pp":16},{"name":"stoneedge","pp":8},{"name":"sleeptalk","pp":16},{"name":"rest","pp":16}],"fainted":false},"sirfetchd":{"name":"sirfetchd","hp":266,"max_hp":266,"ability":"scrappy","item":"lifeorb","status_condition":null,"moves":[{"name":"swordsdance","pp":32},{"name":"poisonjab","pp":32},{"name":"closecombat","pp":8},{"name":"knockoff","pp":32}],"fainted":false},"darmanitangalar":{"name":"darmanitangalar","hp":352,"max_hp":352,"ability":"gorillatactics","item":"choiceband","status_condition":null,"moves":[{"name":"flareblitz","pp":24},{"name":"iciclecrash","pp":16},{"name":"uturn","pp":31},{"name":"earthquake","pp":16}],"fainted":false}},"side_conditions":{"toxic_count":0,"protect":0},"trapped":false,"last_used_move":{"p1":"grimmsnarl","move":"bulkup","turn":5},"wish":{"countdown":0,"hp_amount":0},"future_sight":{"countdown":0,"p1":0}},"p2":{"active":{"name":"mudsdale","types":["ground"],"hp":323,"max_hp":366,"ability":"stamina","item":"leftovers","stats":{"hp":366,"attack":286,"defense":299,"special-attack":131,"special-defense":269,"speed":106},"stat_changes":{"attack":0,"defense":1,"special-attack":0,"special-defense":0,"speed":0,"accuracy":0,"evasion":0},"status_condition":null,"volatile_status":[],"moves":[{"name":"stealthrock","current_pp":31,"disabled":false},{"name":"protect","current_pp":15,"disabled":false},{"name":"earthquake","current_pp":16,"disabled":false},{"name":"bodypress","current_pp":14,"disabled":false}],"fainted":false},"reserve":{"hawlucha":{"name":"hawlucha","hp":355,"max_hp":355,"ability":"unburden","item":"psychicseed","status_condition":null,"moves":[{"name":"taunt","pp":32},{"name":"acrobatics","pp":24},{"name":"drainpunch","pp":16},{"name":"swordsdance","pp":32}],"fainted":false},"indeedee":{"name":"indeedee","hp":261,"max_hp":261,"ability":"psychicsurge","item":"choicescarf","status_condition":null,"moves":[{"name":"psyshock","pp":16},{"name":"trick","pp":16},{"name":"mysticalfire","pp":16},{"name":"shadowball","pp":24}],"fainted":false},"clefable":{"name":"clefable","hp":376,"max_hp":376,"ability":"magicguard","item":"redcard","status_condition":null,"moves":[{"name":"moonblast","pp":24},{"name":"wish","pp":16},{"name":"thunderbolt","pp":24},{"name":"thunderwave","pp":32}],"fainted":false},"vileplume":{"name":"vileplume","hp":332,"max_hp":332,"ability":"effectspore","item":"blacksludge","status_condition":null,"moves":[{"name":"protect","pp":16},{"name":"toxic","pp":16},{"name":"gigadrain","pp":16},{"name":"moonblast","pp":24}],"fainted":false},"mew":{"name":"mew","hp":368,"max_hp":368,"ability":"synchronize","item":"leftovers","status_condition":null,"moves":[{"name":"toxicspikes","pp":32},{"name":"leafblade","pp":24},{"name":"uturn","pp":32},{"name":"darkestlariat","pp":16}],"fainted":false}},"side_conditions":{"toxic_count":0,"protect":1},"trapped":false,"last_used_move":{"p1":"mudsdale","move":"protect","turn":5},"wish":{"countdown":0,"hp_amount":0},"future_sight":{"countdown":0,"p1":0}},"weather":null,"field":null,"trick_room":false},"turn 7":{"turn":7,"p1":{"active":{"name":"grimmsnarl","types":["dark","fairy"],"hp":249,"max_hp":332,"ability":"prankster","item":"leftovers","stats":{"hp":332,"attack":372,"defense":166,"special-attack":203,"special-defense":249,"speed":156},"stat_changes":{"attack":5,"defense":5,"special-attack":0,"special-defense":0,"speed":0,"accuracy":0,"evasion":0},"status_condition":null,"volatile_status":[],"moves":[{"name":"bulkup","current_pp":27,"disabled":false},{"name":"spiritbreak","current_pp":16,"disabled":false},{"name":"sleeptalk","current_pp":16,"disabled":false},{"name":"rest","current_pp":16,"disabled":false}],"fainted":false},"reserve":{"toxtricitylowkey":{"name":"toxtricitylowkey","hp":292,"max_hp":292,"ability":"punkrock","item":"throatspray","status_condition":null,"moves":[{"name":"boomburst","pp":16},{"name":"overdrive","pp":16},{"name":"nuzzle","pp":32},{"name":"sludgebomb","pp":16}],"fainted":false},"excadrill":{"name":"excadrill","hp":362,"max_hp":362,"ability":"moldbreaker","item":"lifeorb","status_condition":null,"moves":[{"name":"earthquake","pp":16},{"name":"ironhead","pp":24},{"name":"swordsdance","pp":32},{"name":"poisonjab","pp":32}],"fainted":false},"rhyperior":{"name":"rhyperior","hp":434,"max_hp":434,"ability":"solidrock","item":"leftovers","status_condition":null,"moves":[{"name":"earthquake","pp":16},{"name":"stoneedge","pp":8},{"name":"sleeptalk","pp":16},{"name":"rest","pp":16}],"fainted":false},"sirfetchd":{"name":"sirfetchd","hp":266,"max_hp":266,"ability":"scrappy","item":"lifeorb","status_condition":null,"moves":[{"name":"swordsdance","pp":32},{"name":"poisonjab","pp":32},{"name":"closecombat","pp":8},{"name":"knockoff","pp":32}],"fainted":false},"darmanitangalar":{"name":"darmanitangalar","hp":352,"max_hp":352,"ability":"gorillatactics","item":"choiceband","status_condition":null,"moves":[{"name":"flareblitz","pp":24},{"name":"iciclecrash","pp":16},{"name":"uturn","pp":31},{"name":"earthquake","pp":16}],"fainted":false}},"side_conditions":{"toxic_count":0,"protect":0},"trapped":false,"last_used_move":{"p1":"grimmsnarl","move":"bulkup","turn":6},"wish":{"countdown":0,"hp_amount":0},"future_sight":{"countdown":0,"p1":0}},"p2":{"active":{"name":"clefable","types":["fairy"],"hp":376,"max_hp":376,"ability":"magicguard","item":"redcard","stats":{"hp":376,"attack":130,"defense":182,"special-attack":312,"special-defense":240,"speed":156},"stat_changes":{"attack":0,"defense":0,"special-attack":0,"special-defense":0,"speed":0,"accuracy":0,"evasion":0},"status_condition":null,"volatile_status":[],"moves":[{"name":"moonblast","current_pp":24,"disabled":false},{"name":"wish","current_pp":16,"disabled":false},{"name":"thunderbolt","current_pp":24,"disabled":false},{"name":"thunderwave","current_pp":32,"disabled":false}],"fainted":false},"reserve":{"hawlucha":{"name":"hawlucha","hp":355,"max_hp":355,"ability":"unburden","item":"psychicseed","status_condition":null,"moves":[{"name":"taunt","pp":32},{"name":"acrobatics","pp":24},{"name":"drainpunch","pp":16},{"name":"swordsdance","pp":32}],"fainted":false},"indeedee":{"name":"indeedee","hp":261,"max_hp":261,"ability":"psychicsurge","item":"choicescarf","status_condition":null,"moves":[{"name":"psyshock","pp":16},{"name":"trick","pp":16},{"name":"mysticalfire","pp":16},{"name":"shadowball","pp":24}],"fainted":false},"vileplume":{"name":"vileplume","hp":332,"max_hp":332,"ability":"effectspore","item":"blacksludge","status_condition":null,"moves":[{"name":"protect","pp":16},{"name":"toxic","pp":16},{"name":"gigadrain","pp":16},{"name":"moonblast","pp":24}],"fainted":false},"mew":{"name":"mew","hp":368,"max_hp":368,"ability":"synchronize","item":"leftovers","status_condition":null,"moves":[{"name":"toxicspikes","pp":32},{"name":"leafblade","pp":24},{"name":"uturn","pp":32},{"name":"darkestlariat","pp":16}],"fainted":false},"mudsdale":{"name":"mudsdale","hp":323,"max_hp":366,"ability":"stamina","item":"leftovers","status_condition":null,"moves":[{"name":"stealthrock","pp":31},{"name":"protect","pp":15},{"name":"earthquake","pp":16},{"name":"bodypress","pp":14}],"fainted":false}},"side_conditions":{"toxic_count":0,"protect":0},"trapped":false,"last_used_move":{"p1":null,"move":"switch clefable","turn":6},"wish":{"countdown":0,"hp_amount":0},"future_sight":{"countdown":0,"p1":0}},"weather":null,"field":null,"trick_room":false},"turn 8":{"turn":8,"p1":{"active":{"name":"grimmsnarl","types":["dark","fairy"],"hp":269,"max_hp":332,"ability":"prankster","item":"leftovers","stats":{"hp":332,"attack":372,"defense":166,"special-attack":203,"special-defense":249,"speed":156},"stat_changes":{"attack":5,"defense":5,"special-attack":0,"special-defense":0,"speed":0,"accuracy":0,"evasion":0},"status_condition":null,"volatile_status":[],"moves":[{"name":"bulkup","current_pp":27,"disabled":false},{"name":"spiritbreak","current_pp":15,"disabled":false},{"name":"sleeptalk","current_pp":16,"disabled":false},{"name":"rest","current_pp":16,"disabled":false}],"fainted":false},"reserve":{"toxtricitylowkey":{"name":"toxtricitylowkey","hp":292,"max_hp":292,"ability":"punkrock","item":"throatspray","status_condition":null,"moves":[{"name":"boomburst","pp":16},{"name":"overdrive","pp":16},{"name":"nuzzle","pp":32},{"name":"sludgebomb","pp":16}],"fainted":false},"excadrill":{"name":"excadrill","hp":362,"max_hp":362,"ability":"moldbreaker","item":"lifeorb","status_condition":null,"moves":[{"name":"earthquake","pp":16},{"name":"ironhead","pp":24},{"name":"swordsdance","pp":32},{"name":"poisonjab","pp":32}],"fainted":false},"rhyperior":{"name":"rhyperior","hp":434,"max_hp":434,"ability":"solidrock","item":"leftovers","status_condition":null,"moves":[{"name":"earthquake","pp":16},{"name":"stoneedge","pp":8},{"name":"sleeptalk","pp":16},{"name":"rest","pp":16}],"fainted":false},"sirfetchd":{"name":"sirfetchd","hp":266,"max_hp":266,"ability":"scrappy","item":"lifeorb","status_condition":null,"moves":[{"name":"swordsdance","pp":32},{"name":"poisonjab","pp":32},{"name":"closecombat","pp":8},{"name":"knockoff","pp":32}],"fainted":false},"darmanitangalar":{"name":"darmanitangalar","hp":352,"max_hp":352,"ability":"gorillatactics","item":"choiceband","status_condition":null,"moves":[{"name":"flareblitz","pp":24},{"name":"iciclecrash","pp":16},{"name":"uturn","pp":31},{"name":"earthquake","pp":16}],"fainted":false}},"side_conditions":{"toxic_count":0,"protect":0},"trapped":false,"last_used_move":{"p1":"grimmsnarl","move":"spiritbreak","turn":7},"wish":{"countdown":0,"hp_amount":0},"future_sight":{"countdown":0,"p1":0}},"p2":{"active":{"name":"indeedee","types":["psychic","normal"],"hp":261,"max_hp":261,"ability":"psychicsurge","item":"choicescarf","stats":{"hp":261,"attack":121,"defense":146,"special-attack":309,"special-defense":227,"speed":317},"stat_changes":{"attack":0,"defense":0,"special-attack":0,"special-defense":0,"speed":0,"accuracy":0,"evasion":0},"status_condition":null,"volatile_status":[],"moves":[{"name":"psyshock","current_pp":16,"disabled":false},{"name":"trick","current_pp":16,"disabled":false},{"name":"mysticalfire","current_pp":16,"disabled":false},{"name":"shadowball","current_pp":24,"disabled":false}],"fainted":false},"reserve":{"hawlucha":{"name":"hawlucha","hp":355,"max_hp":355,"ability":"unburden","item":"psychicseed","status_condition":null,"moves":[{"name":"taunt","pp":32},{"name":"acrobatics","pp":24},{"name":"drainpunch","pp":16},{"name":"swordsdance","pp":32}],"fainted":false},"vileplume":{"name":"vileplume","hp":332,"max_hp":332,"ability":"effectspore","item":"blacksludge","status_condition":null,"moves":[{"name":"protect","pp":16},{"name":"toxic","pp":16},{"name":"gigadrain","pp":16},{"name":"moonblast","pp":24}],"fainted":false},"mew":{"name":"mew","hp":368,"max_hp":368,"ability":"synchronize","item":"leftovers","status_condition":null,"moves":[{"name":"toxicspikes","pp":32},{"name":"leafblade","pp":24},{"name":"uturn","pp":32},{"name":"darkestlariat","pp":16}],"fainted":false},"mudsdale":{"name":"mudsdale","hp":323,"max_hp":366,"ability":"stamina","item":"leftovers","status_condition":null,"moves":[{"name":"stealthrock","pp":31},{"name":"protect","pp":15},{"name":"earthquake","pp":16},{"name":"bodypress","pp":14}],"fainted":false},"clefable":{"name":"clefable","hp":0,"max_hp":376,"ability":"magicguard","item":"redcard","status_condition":null,"moves":[{"name":"moonblast","pp":24},{"name":"wish","pp":16},{"name":"thunderbolt","pp":24},{"name":"thunderwave","pp":32}],"fainted":true}},"side_conditions":{"toxic_count":0,"protect":0},"trapped":false,"last_used_move":{"p1":null,"move":"switch indeedee","turn":7},"wish":{"countdown":0,"hp_amount":0},"future_sight":{"countdown":0,"p1":0}},"weather":null,"field":"psychicterrain","trick_room":false}}}