{"battle_id":100060,"format":"gen8ou","turns":6,"winner":"14669","score":[6,4],"p1":"14669","p1_team":[{"ability":"gorillatactics","evs":{"atk":252,"def":0,"hp":0,"spa":0,"spd":4,"spe":252},"gender":"M","happiness":160,"item":"choicescarf","ivs":{"atk":31,"def":31,"hp":31,"spa":31,"spd":31,"spe":31},"level":100,"moves":["uturn","iciclecrash","flareblitz","earthquake"],"name":"banned","nature":"Jolly","species":"darmanitangalar"},{"ability":"levitate","evs":{"atk":0,"def":252,"hp":252,"spa":4,"spd":0,"spe":0},"gender":"N","happiness":160,"item":"iapapaberry","ivs":{"atk":0,"def":31,"hp":31,"spa":31,"spd":31,"spe":31},"level":100,"moves":["hydropump","voltswitch","willowisp","thunderbolt"],"name":"no darm","nature":"Bold","shiny":true,"species":"rotomwash"},{"ability":"mirrorarmor","evs":{"atk":4,"def":252,"hp":252,"spa":0,"spd":0,"spe":0},"happiness":160,"item":"leftovers","ivs":{"atk":31,"def":31,"hp":31,"spa":31,"spd":31,"spe":31},"level":100,"moves":["taunt","roost","bravebird","defog"],"name":"nevermore","nature":"Impish","species":"corviknight"},{"ability":"waterabsorb","evs":{"atk":252,"def":0,"hp":252,"spa":0,"spd":4,"spe":0},"happiness":160,"item":"rockyhelmet","ivs":{"atk":31,"def":31,"hp":31,"spa":31,"spd":31,"spe":31},"level":100,"moves":["stealthrock","toxic","powerwhip","liquidation"],"name":"hehehehe","nature":"Adamant","species":"seismitoad"},{"ability":"serenegrace","evs":{"atk":0,"def":0,"hp":0,"spa":252,"spd":4,"spe":252},"gender":"F","happiness":160,"item":"choicescarf","ivs":{"atk":0,"def":31,"hp":31,"spa":31,"spd":31,"spe":31},"level":100,"moves":["dazzlinggleam","airslash","flamethrower","aurasphere"],"name":"Togekiss","nature":"Timid","shiny":true,"species":"Togekiss"},{"ability":"intimidate","evs":{"atk":252,"def":0,"hp":0,"spa":0,"spd":4,"spe":252},"happiness":160,"item":"lifeorb","ivs":{"atk":31,"def":31,"hp":31,"spa":31,"spd":31,"spe":31},"level":100,"moves":["earthquake","powerwhip","dragondance","icefang"],"name":"Gyarados","nature":"Adamant","shiny":true,"species":"Gyarados"}],"p2":"25761","p2_team":[{"ability":"magicguard","evs":{"atk":0,"def":0,"hp":252,"spa":4,"spd":252,"spe":0},"gender":"F","happiness":160,"item":"leftovers","ivs":{"atk":0,"def":31,"hp":31,"spa":31,"spd":31,"spe":31},"level":100,"moves":["moonblast","wish","protect","flamethrower"],"name":"Clefable","nature":"Calm","species":"Clefable"},{"ability":"swiftswim","evs":{"atk":4,"def":252,"hp":252,"spa":0,"spd":0,"spe":0},"happiness":160,"item":"leftovers","ivs":{"atk":31,"def":31,"hp":31,"spa":31,"spd":31,"spe":31},"level":100,"moves":["earthquake","scald","stealthrock","toxic"],"name":"Seismitoad","nature":"Relaxed","species":"Seismitoad"},{"ability":"sandstream","evs":{"atk":4,"def":0,"hp":252,"spa":0,"spd":252,"spe":0},"gender":"M","happiness":160,"item":"assaultvest","ivs":{"atk":31,"def":31,"hp":31,"spa":31,"spd":31,"spe":31},"level":100,"moves":["crunch","earthquake","firepunch","stoneedge"],"name":"Tyranitar","nature":"Careful","species":"Tyranitar"},{"ability":"infiltrator","evs":{"atk":0,"def":0,"hp":0,"spa":252,"spd":4,"spe":252},"happiness":160,"item":"choicespecs","ivs":{"atk":31,"def":31,"hp":31,"spa":31,"spd":31,"spe":31},"level":100,"moves":["shadowball","dracometeor","fireblast","uturn"],"name":"Dragapult","nature":"Timid","species":"Dragapult"},{"ability":"justified","evs":{"atk":252,"def":0,"hp":0,"spa":0,"spd":4,"spe":252},"happiness":160,"item":"lifeorb","ivs":{"atk":31,"def":31,"hp":31,"spa":31,"spd":31,"spe":31},"level":100,"moves":["swordsdance","closecombat","earthquake","bulletpunch"],"name":"Lucario","nature":"Jolly","species":"Lucario"},{"ability":"sheerforce","evs":{"atk":252,"def":0,"hp":0,"spa":0,"spd":0,"spe":252},"gender":"M","happiness":160,"item":"choicescarf","ivs":{"atk":31,"def":31,"hp":31,"spa":31,"spd":31,"spe":31},"level":100,"moves":["bravebird","uturn","closecombat","zenheadbutt"],"name":"Braviary","nature":"Hasty","species":"Braviary"}],"seed":[34978,10735,21895,55399],"timestamp":"Mon Dec 30 2019 12:XX","end_type":"forfeit","ladder_error":false,"input_log":[">version aa9f8c6b9cf4eca780a1296832ecd3b0009641e0",">version-origin 5e8529faaa5905c5f8e15eafaaefa806ee8c7d06",">start {\"formatid\":\"gen8ou\",\"seed\":[34978,10735,21895,55399],\"rated\":\"Rated battle\"}",">player p1 {\"\"name\":\"14669\",\"rating\":1192}",">player p2 {\"\"name\":\"25761\",\"rating\":1179}",">p1 team 1, 2, 3, 4, 5, 6",">p2 team 5, 2, 3, 4, 1, 6",">p1 move uturn",">p2 move bulletpunch",">p1 switch 6",">p1 move dragondance",">p2 switch 2",">p1 move powerwhip",">p2 move toxic",">p1 move dragondance",">p2 switch 4",">p1 move icefang",">p2 move shadowball",">p2 switch 6",">p1 move icefang",">p2 move bravebird"],"log":["|j|\u260614669","|j|\u260625761","|player|p1|14669|riley|1192","|player|p2|25761|265|1179","|teamsize|p1|6","|teamsize|p2|6","|gametype|singles","|gen|8","|tier|[Gen 8] OU","|rated|","|rule|Sleep Clause Mod: Limit one foe put to sleep","|rule|Species Clause: Limit one of each Pok\u00e9mon","|rule|OHKO Clause: OHKO moves are banned","|rule|Evasion Moves Clause: Evasion moves are banned","|rule|Endless Battle Clause: Forcing endless battles is banned","|rule|HP Percentage Mod: HP is shown in percentages","|clearpoke","|poke|p1|Darmanitan-Galar, M|","|poke|p1|Rotom-Wash|","|poke|p1|Corviknight, M|","|poke|p1|Seismitoad, M|","|poke|p1|Togekiss, F|","|poke|p1|Gyarados, M|","|poke|p2|Clefable, F|","|poke|p2|Seismitoad, F|","|poke|p2|Tyranitar, M|","|poke|p2|Dragapult, M|","|poke|p2|Lucario, M|","|poke|p2|Braviary, M|","|rule|Dynamax Clause: You cannot dynamax","|teampreview","|","|start","|switch|p1a: banned|Darmanitan-Galar, M|351\/351","|switch|p2a: Lucario|Lucario, M|281\/281","|turn|1","|","|move|p2a: Lucario|Bullet Punch|p1a: banned","|-supereffective|p1a: banned","|-damage|p1a: banned|62\/351","|-damage|p2a: Lucario|253\/281|[from] item: Life Orb","|move|p1a: banned|U-turn|p2a: Lucario","|-resisted|p2a: Lucario","|-damage|p2a: Lucario|210\/281","|","|switch|p1a: Gyarados|Gyarados, M, shiny|331\/331","|-ability|p1a: Gyarados|Intimidate|boost","|-unboost|p2a: Lucario|atk|1","|","|upkeep","|turn|2","|","|switch|p2a: Seismitoad|Seismitoad, F|414\/414","|move|p1a: Gyarados|Dragon Dance|p1a: Gyarados","|-boost|p1a: Gyarados|atk|1","|-boost|p1a: Gyarados|spe|1","|","|upkeep","|turn|3","|","|move|p1a: Gyarados|Power Whip|p2a: Seismitoad|[miss]","|-miss|p1a: Gyarados|p2a: Seismitoad","|move|p2a: Seismitoad|Toxic|p1a: Gyarados","|-status|p1a: Gyarados|tox","|","|-damage|p1a: Gyarados|311\/331 tox|[from] psn","|upkeep","|turn|4","|","|switch|p2a: Dragapult|Dragapult, M|317\/317","|move|p1a: Gyarados|Dragon Dance|p1a: Gyarados","|-boost|p1a: Gyarados|atk|1","|-boost|p1a: Gyarados|spe|1","|","|-damage|p1a: Gyarados|271\/331 tox|[from] psn","|upkeep","|turn|5","|","|move|p1a: Gyarados|Ice Fang|p2a: Dragapult","|-supereffective|p2a: Dragapult","|-damage|p2a: Dragapult|0 fnt","|-damage|p1a: Gyarados|238\/331 tox|[from] item: Life Orb","|faint|p2a: Dragapult","|","|-damage|p1a: Gyarados|178\/331 tox|[from] psn","|upkeep","|","|switch|p2a: Braviary|Braviary, M|341\/341","|turn|6","|","|move|p1a: Gyarados|Ice Fang|p2a: Braviary","|-supereffective|p2a: Braviary","|-damage|p2a: Braviary|0 fnt","|-damage|p1a: Gyarados|145\/331 tox|[from] item: Life Orb","|faint|p2a: Braviary","|","|-damage|p1a: Gyarados|65\/331 tox|[from] psn","|upkeep","|-message|25761 forfeited.","|","|win|14669","|l|\u260625761","|raw|14669's rating: 1219 &rarr; <strong>1240<\/strong><br \/>(+21 for winning)","|raw|25761's rating: 1157 &rarr; <strong>1137<\/strong><br \/>(-20 for losing)",""],"rated_battle":true,"p1_rating":1192,"p2_rating":1179,"average_rating":1185,"team_preview_state":{"turn":false,"p1":{"active":null,"reserve":[{"name":"darmanitangalar","base_name":"darmanitangalar","level":100,"gender":"M","types":["ice"],"hp":351,"max_hp":351,"ability":"gorillatactics","item":"choicescarf","base_stats":{"hp":105,"attack":140,"defense":55,"special-attack":30,"special-defense":55,"speed":95},"stats":{"hp":351,"attack":379,"defense":146,"special-attack":86,"special-defense":147,"speed":317},"nature":"jolly","evs":{"hp":0,"attack":252,"defense":0,"special-attack":0,"special-defense":4,"speed":252},"ivs":{"hp":31,"attack":31,"defense":31,"special-attack":31,"special-defense":31,"speed":31},"stat_changes":{"attack":0,"defense":0,"special-attack":0,"special-defense":0,"speed":0,"accuracy":0,"evasion":0},"status_condition":null,"volatile_status":[],"moves":[{"name":"uturn","base_power":70,"accuracy":100,"category":"physical","type":"bug","current_pp":32,"max_pp":32,"disabled":false},{"name":"iciclecrash","base_power":85,"accuracy":90,"category":"physical","type":"ice","current_pp":16,"max_pp":16,"disabled":false},{"name":"flareblitz","base_power":120,"accuracy":100,"category":"physical","type":"fire","current_pp":24,"max_pp":24,"disabled":false},{"name":"earthquake","base_power":100,"accuracy":100,"category":"physical","type":"ground","current_pp":16,"max_pp":16,"disabled":false}],"fainted":false},{"name":"rotomwash","base_name":"rotomwash","level":100,"gender":"N","types":["electric","water"],"hp":304,"max_hp":304,"ability":"levitate","item":"iapapaberry","base_stats":{"hp":50,"attack":65,"defense":107,"special-attack":105,"special-defense":107,"speed":86},"stats":{"hp":304,"attack":121,"defense":344,"special-attack":247,"special-defense":250,"speed":208},"nature":"bold","evs":{"hp":252,"attack":0,"defense":252,"special-attack":4,"special-defense":0,"speed":0},"ivs":{"hp":31,"attack":0,"defense":31,"special-attack":31,"special-defense":31,"speed":31},"stat_changes":{"attack":0,"defense":0,"special-attack":0,"special-defense":0,"speed":0,"accuracy":0,"evasion":0},"status_condition":null,"volatile_status":[],"moves":[{"name":"hydropump","base_power":110,"accuracy":80,"category":"special","type":"water","current_pp":8,"max_pp":8,"disabled":false},{"name":"voltswitch","base_power":70,"accuracy":100,"category":"special","type":"electric","current_pp":32,"max_pp":32,"disabled":false},{"name":"willowisp","base_power":0,"accuracy":85,"category":"status","type":"fire","current_pp":24,"max_pp":24,"disabled":false},{"name":"thunderbolt","base_power":90,"accuracy":100,"category":"special","type":"electric","current_pp":24,"max_pp":24,"disabled":false}],"fainted":false},{"name":"corviknight","base_name":"corviknight","level":100,"gender":null,"types":["flying","steel"],"hp":400,"max_hp":400,"ability":"mirrorarmor","item":"leftovers","base_stats":{"hp":98,"attack":87,"defense":105,"special-attack":53,"special-defense":85,"speed":67},"stats":{"hp":400,"attack":211,"defense":339,"special-attack":127,"special-defense":206,"speed":170},"nature":"impish","evs":{"hp":252,"attack":4,"defense":252,"special-attack":0,"special-defense":0,"speed":0},"ivs":{"hp":31,"attack":31,"defense":31,"special-attack":31,"special-defense":31,"speed":31},"stat_changes":{"attack":0,"defense":0,"special-attack":0,"special-defense":0,"speed":0,"accuracy":0,"evasion":0},"status_condition":null,"volatile_status":[],"moves":[{"name":"taunt","base_power":0,"accuracy":100,"category":"status","type":"dark","current_pp":32,"max_pp":32,"disabled":false},{"name":"roost","base_power":0,"accuracy":true,"category":"status","type":"flying","current_pp":16,"max_pp":16,"disabled":false},{"name":"bravebird","base_power":120,"accuracy":100,"category":"physical","type":"flying","current_pp":24,"max_pp":24,"disabled":false},{"name":"defog","base_power":0,"accuracy":true,"category":"status","type":"flying","current_pp":24,"max_pp":24,"disabled":false}],"fainted":false},{"name":"seismitoad","base_name":"seismitoad","level":100,"gender":null,"types":["water","ground"],"hp":414,"max_hp":414,"ability":"waterabsorb","item":"rockyhelmet","base_stats":{"hp":105,"attack":95,"defense":75,"special-attack":85,"special-defense":75,"speed":74},"stats":{"hp":414,"attack":317,"defense":186,"special-attack":185,"special-defense":187,"speed":184},"nature":"adamant","evs":{"hp":252,"attack":252,"defense":0,"special-attack":0,"special-defense":4,"speed":0},"ivs":{"hp":31,"attack":31,"defense":31,"special-attack":31,"special-defense":31,"speed":31},"stat_changes":{"attack":0,"defense":0,"special-attack":0,"special-defense":0,"speed":0,"accuracy":0,"evasion":0},"status_condition":null,"volatile_status":[],"moves":[{"name":"stealthrock","base_power":0,"accuracy":true,"category":"status","type":"rock","current_pp":32,"max_pp":32,"disabled":false},{"name":"toxic","base_power":0,"accuracy":90,"category":"status","type":"poison","current_pp":16,"max_pp":16,"disabled":false},{"name":"powerwhip","base_power":120,"accuracy":85,"category":"physical","type":"grass","current_pp":16,"max_pp":16,"disabled":false},{"name":"liquidation","base_power":85,"accuracy":100,"category":"physical","type":"water","current_pp":16,"max_pp":16,"disabled":false}],"fainted":false},{"name":"togekiss","base_name":"togekiss","level":100,"gender":"F","types":["fairy","flying"],"hp":311,"max_hp":311,"ability":"serenegrace","item":"choicescarf","base_stats":{"hp":85,"attack":50,"defense":95,"special-attack":120,"special-defense":115,"speed":80},"stats":{"hp":311,"attack":94,"defense":226,"special-attack":339,"special-defense":267,"speed":284},"nature":"timid","evs":{"hp":0,"attack":0,"defense":0,"special-attack":252,"special-defense":4,"speed":252},"ivs":{"hp":31,"attack":0,"defense":31,"special-attack":31,"special-defense":31,"speed":31},"stat_changes":{"attack":0,"defense":0,"special-attack":0,"special-defense":0,"speed":0,"accuracy":0,"evasion":0},"status_condition":null,"volatile_status":[],"moves":[{"name":"dazzlinggleam","base_power":80,"accuracy":100,"category":"special","type":"fairy","current_pp":16,"max_pp":16,"disabled":false},{"name":"airslash","base_power":75,"accuracy":95,"category":"special","type":"flying","current_pp":24,"max_pp":24,"disabled":false},{"name":"flamethrower","base_power":90,"accuracy":100,"category":"special","type":"fire","current_pp":24,"max_pp":24,"disabled":false},{"name":"aurasphere","base_power":80,"accuracy":true,"category":"special","type":"fighting","current_pp":32,"max_pp":32,"disabled":false}],"fainted":false},{"name":"gyarados","base_name":"gyarados","level":100,"gender":null,"types":["water","flying"],"hp":331,"max_hp":331,"ability":"intimidate","item":"lifeorb","base_stats":{"hp":95,"attack":125,"defense":79,"special-attack":60,"special-defense":100,"speed":81},"stats":{"hp":331,"attack":383,"defense":194,"special-attack":140,"special-defense":237,"speed":261},"nature":"adamant","evs":{"hp":0,"attack":252,"defense":0,"special-attack":0,"special-defense":4,"speed":252},"ivs":{"hp":31,"attack":31,"defense":31,"special-attack":31,"special-defense":31,"speed":31},"stat_changes":{"attack":2,"defense":0,"special-attack":0,"special-defense":0,"speed":2,"accuracy":0,"evasion":0},"status_condition":null,"volatile_status":[],"moves":[{"name":"earthquake","base_power":100,"accuracy":100,"category":"physical","type":"ground","current_pp":16,"max_pp":16,"disabled":false},{"name":"powerwhip","base_power":120,"accuracy":85,"category":"physical","type":"grass","current_pp":16,"max_pp":16,"disabled":false},{"name":"dragondance","base_power":0,"accuracy":true,"category":"status","type":"dragon","current_pp":32,"max_pp":32,"disabled":false},{"name":"icefang","base_power":65,"accuracy":95,"category":"physical","type":"ice","current_pp":24,"max_pp":24,"disabled":false}],"fainted":false}],"side_conditions":{},"trapped":false,"last_used_move":{"p1":"","move":"","turn":0},"wish":{"countdown":0,"hp_amount":0},"future_sight":{"countdown":0,"p1":0}},"p2":{"active":null,"reserve":[{"name":"clefable","base_name":"clefable","level":100,"gender":"F","types":["fairy"],"hp":394,"max_hp":394,"ability":"magicguard","item":"leftovers","base_stats":{"hp":95,"attack":70,"defense":73,"special-attack":95,"special-defense":90,"speed":60},"stats":{"hp":394,"attack":130,"defense":182,"special-attack":227,"special-defense":306,"speed":156},"nature":"calm","evs":{"hp":252,"attack":0,"defense":0,"special-attack":4,"special-defense":252,"speed":0},"ivs":{"hp":31,"attack":0,"defense":31,"special-attack":31,"special-defense":31,"speed":31},"stat_changes":{"attack":0,"defense":0,"special-attack":0,"special-defense":0,"speed":0,"accuracy":0,"evasion":0},"status_condition":null,"volatile_status":[],"moves":[{"name":"moonblast","base_power":95,"accuracy":100,"category":"special","type":"fairy","current_pp":24,"max_pp":24,"disabled":false},{"name":"wish","base_power":0,"accuracy":true,"category":"status","type":"normal","current_pp":16,"max_pp":16,"disabled":false},{"name":"protect","base_power":0,"accuracy":true,"category":"status","type":"normal","current_pp":16,"max_pp":16,"disabled":false},{"name":"flamethrower","base_power":90,"accuracy":100,"category":"special","type":"fire","current_pp":24,"max_pp":24,"disabled":false}],"fainted":false},{"name":"seismitoad","base_name":"seismitoad","level":100,"gender":null,"types":["water","ground"],"hp":414,"max_hp":414,"ability":"swiftswim","item":"leftovers","base_stats":{"hp":105,"attack":95,"defense":75,"special-attack":85,"special-defense":75,"speed":74},"stats":{"hp":414,"attack":227,"defense":273,"special-attack":206,"special-defense":186,"speed":165},"nature":"relaxed","evs":{"hp":252,"attack":4,"defense":252,"special-attack":0,"special-defense":0,"speed":0},"ivs":{"hp":31,"attack":31,"defense":31,"special-attack":31,"special-defense":31,"speed":31},"stat_changes":{"attack":0,"defense":0,"special-attack":0,"special-defense":0,"speed":0,"accuracy":0,"evasion":0},"status_condition":null,"volatile_status":[],"moves":[{"name":"earthquake","base_power":100,"accuracy":100,"category":"physical","type":"ground","current_pp":16,"max_pp":16,"disabled":false},{"name":"scald","base_power":80,"accuracy":100,"category":"special","type":"water","current_pp":24,"max_pp":24,"disabled":false},{"name":"stealthrock","base_power":0,"accuracy":true,"category":"status","type":"rock","current_pp":32,"max_pp":32,"disabled":false},{"name":"toxic","base_power":0,"accuracy":90,"category":"status","type":"poison","current_pp":16,"max_pp":16,"disabled":false}],"fainted":false},{"name":"tyranitar","base_name":"tyranitar","level":100,"gender":"M","types":["rock","dark"],"hp":404,"max_hp":404,"ability":"sandstream","item":"assaultvest","base_stats":{"hp":100,"attack":134,"defense":110,"special-attack":95,"special-defense":100,"speed":61},"stats":{"hp":404,"attack":305,"defense":256,"special-attack":203,"special-defense":328,"speed":158},"nature":"careful","evs":{"hp":252,"attack":4,"defense":0,"special-attack":0,"special-defense":252,"speed":0},"ivs":{"hp":31,"attack":31,"defense":31,"special-attack":31,"special-defense":31,"speed":31},"stat_changes":{"attack":0,"defense":0,"special-attack":0,"special-defense":0,"speed":0,"accuracy":0,"evasion":0},"status_condition":null,"volatile_status":[],"moves":[{"name":"crunch","base_power":80,"accuracy":100,"category":"physical","type":"dark","current_pp":24,"max_pp":24,"disabled":false},{"name":"earthquake","base_power":100,"accuracy":100,"category":"physical","type":"ground","current_pp":16,"max_pp":16,"disabled":false},{"name":"firepunch","base_power":75,"accuracy":100,"category":"physical","type":"fire","current_pp":24,"max_pp":24,"disabled":false},{"name":"stoneedge","base_power":100,"accuracy":80,"category":"physical","type":"rock","current_pp":8,"max_pp":8,"disabled":false}],"fainted":false},{"name":"dragapult","base_name":"dragapult","level":100,"gender":null,"types":["dragon","ghost"],"hp":317,"max_hp":317,"ability":"infiltrator","item":"choicespecs","base_stats":{"hp":88,"attack":120,"defense":75,"special-attack":100,"special-defense":75,"speed":142},"stats":{"hp":317,"attack":248,"defense":186,"special-attack":299,"special-defense":187,"speed":421},"nature":"timid","evs":{"hp":0,"attack":0,"defense":0,"special-attack":252,"special-defense":4,"speed":252},"ivs":{"hp":31,"attack":31,"defense":31,"special-attack":31,"special-defense":31,"speed":31},"stat_changes":{"attack":0,"defense":0,"special-attack":0,"special-defense":0,"speed":0,"accuracy":0,"evasion":0},"status_condition":null,"volatile_status":[],"moves":[{"name":"shadowball","base_power":80,"accuracy":100,"category":"special","type":"ghost","current_pp":24,"max_pp":24,"disabled":false},{"name":"dracometeor","base_power":130,"accuracy":90,"category":"special","type":"dragon","current_pp":8,"max_pp":8,"disabled":false},{"name":"fireblast","base_power":110,"accuracy":85,"category":"special","type":"fire","current_pp":8,"max_pp":8,"disabled":false},{"name":"uturn","base_power":70,"accuracy":100,"category":"physical","type":"bug","current_pp":32,"max_pp":32,"disabled":false}],"fainted":false},{"name":"lucario","base_name":"lucario","level":100,"gender":null,"types":["fighting","steel"],"hp":281,"max_hp":281,"ability":"justified","item":"lifeorb","base_stats":{"hp":70,"attack":110,"defense":70,"special-attack":115,"special-defense":70,"speed":90},"stats":{"hp":281,"attack":319,"defense":176,"special-attack":239,"special-defense":177,"speed":306},"nature":"jolly","evs":{"hp":0,"attack":252,"defense":0,"special-attack":0,"special-defense":4,"speed":252},"ivs":{"hp":31,"attack":31,"defense":31,"special-attack":31,"special-defense":31,"speed":31},"stat_changes":{"attack":-1,"defense":0,"special-attack":0,"special-defense":0,"speed":0,"accuracy":0,"evasion":0},"status_condition":null,"volatile_status":[],"moves":[{"name":"swordsdance","base_power":0,"accuracy":true,"category":"status","type":"normal","current_pp":32,"max_pp":32,"disabled":false},{"name":"closecombat","base_power":120,"accuracy":100,"category":"physical","type":"fighting","current_pp":8,"max_pp":8,"disabled":false},{"name":"earthquake","base_power":100,"accuracy":100,"category":"physical","type":"ground","current_pp":16,"max_pp":16,"disabled":false},{"name":"bulletpunch","base_power":40,"accuracy":100,"category":"physical","type":"steel","current_pp":48,"max_pp":48,"disabled":false}],"fainted":false},{"name":"braviary","base_name":"braviary","level":100,"gender":"M","types":["normal","flying"],"hp":341,"max_hp":341,"ability":"sheerforce","item":"choicescarf","base_stats":{"hp":100,"attack":123,"defense":75,"special-attack":57,"special-defense":75,"speed":80},"stats":{"hp":341,"attack":345,"defense":167,"special-attack":150,"special-defense":186,"speed":284},"nature":"hasty","evs":{"hp":0,"attack":252,"defense":0,"special-attack":0,"special-defense":0,"speed":252},"ivs":{"hp":31,"attack":31,"defense":31,"special-attack":31,"special-defense":31,"speed":31},"stat_changes":{"attack":0,"defense":0,"special-attack":0,"special-defense":0,"speed":0,"accuracy":0,"evasion":0},"status_condition":null,"volatile_status":[],"moves":[{"name":"bravebird","base_power":120,"accuracy":100,"category":"physical","type":"flying","current_pp":24,"max_pp":24,"disabled":false},{"name":"uturn","base_power":70,"accuracy":100,"category":"physical","type":"bug","current_pp":32,"max_pp":32,"disabled":false},{"name":"closecombat","base_power":120,"accuracy":100,"category":"physical","type":"fighting","current_pp":8,"max_pp":8,"disabled":false},{"name":"zenheadbutt","base_power":80,"accuracy":90,"category":"physical","type":"psychic","current_pp":24,"max_pp":24,"disabled":false}],"fainted":false}],"side_conditions":{},"trapped":false,"last_used_move":{"p1":"","move":"","turn":0},"wish":{"countdown":0,"hp_amount":0},"future_sight":{"countdown":0,"p1":0}},"weather":null,"field":null,"trick_room":false},"game_states":{"turn 1":{"turn":1,"p1":{"active":{"name":"darmanitangalar","types":["ice"],"hp":351,"max_hp":351,"ability":"gorillatactics","item":"choicescarf","stats":{"hp":351,"attack":379,"defense":146,"special-attack":86,"special-defense":147,"speed":317},"stat_changes":{"attack":0,"defense":0,"special-attack":0,"special-defense":0,"speed":0,"accuracy":0,"evasion":0},"status_condition":null,"volatile_status":[],"moves":[{"name":"uturn","current_pp":32,"disabled":false},{"name":"iciclecrash","current_pp":16,"disabled":false},{"name":"flareblitz","current_pp":24,"disabled":false},{"name":"earthquake","current_pp":16,"disabled":false}],"fainted":false},"reserve":{"rotomwash":{"name":"rotomwash","hp":304,"max_hp":304,"ability":"levitate","item":"iapapaberry","status_condition":null,"moves":[{"name":"hydropump","pp":8},{"name":"voltswitch","pp":32},{"name":"willowisp","pp":24},{"name":"thunderbolt","pp":24}],"fainted":false},"corviknight":{"name":"corviknight","hp":400,"max_hp":400,"ability":"mirrorarmor","item":"leftovers","status_condition":null,"moves":[{"name":"taunt","pp":32},{"name":"roost","pp":16},{"name":"bravebird","pp":24},{"name":"defog","pp":24}],"fainted":false},"seismitoad":{"name":"seismitoad","hp":414,"max_hp":414,"ability":"waterabsorb","item":"rockyhelmet","status_condition":null,"moves":[{"name":"stealthrock","pp":32},{"name":"toxic","pp":16},{"name":"powerwhip","pp":16},{"name":"liquidation","pp":16}],"fainted":false},"togekiss":{"name":"togekiss","hp":311,"max_hp":311,"ability":"serenegrace","item":"choicescarf","status_condition":null,"moves":[{"name":"dazzlinggleam","pp":16},{"name":"airslash","pp":24},{"name":"flamethrower","pp":24},{"name":"aurasphere","pp":32}],"fainted":false},"gyarados":{"name":"gyarados","hp":331,"max_hp":331,"ability":"intimidate","item":"lifeorb","status_condition":null,"moves":[{"name":"earthquake","pp":16},{"name":"powerwhip","pp":16},{"name":"dragondance","pp":32},{"name":"icefang","pp":24}],"fainted":false}},"side_conditions":{},"trapped":false,"last_used_move":{"p1":null,"move":"switch darmanitangalar","turn":false},"wish":{"countdown":0,"hp_amount":0},"future_sight":{"countdown":0,"p1":0}},"p2":{"active":{"name":"lucario","types":["fighting","steel"],"hp":281,"max_hp":281,"ability":"justified","item":"lifeorb","stats":{"hp":281,"attack":319,"defense":176,"special-attack":239,"special-defense":177,"speed":306},"stat_changes":{"attack":-1,"defense":0,"special-attack":0,"special-defense":0,"speed":0,"accuracy":0,"evasion":0},"status_condition":null,"volatile_status":[],"moves":[{"name":"swordsdance","current_pp":32,"disabled":false},{"name":"closecombat","current_pp":8,"disabled":false},{"name":"earthquake","current_pp":16,"disabled":false},{"name":"bulletpunch","current_pp":48,"disabled":false}],"fainted":false},"reserve":{"clefable":{"name":"clefable","hp":394,"max_hp":394,"ability":"magicguard","item":"leftovers","status_condition":null,"moves":[{"name":"moonblast","pp":24},{"name":"wish","pp":16},{"name":"protect","pp":16},{"name":"flamethrower","pp":24}],"fainted":false},"seismitoad":{"name":"seismitoad","hp":414,"max_hp":414,"ability":"swiftswim","item":"leftovers","status_condition":null,"moves":[{"name":"earthquake","pp":16},{"name":"scald","pp":24},{"name":"stealthrock","pp":32},{"name":"toxic","pp":16}],"fainted":false},"tyranitar":{"name":"tyranitar","hp":404,"max_hp":404,"ability":"sandstream","item":"assaultvest","status_condition":null,"moves":[{"name":"crunch","pp":24},{"name":"earthquake","pp":16},{"name":"firepunch","pp":24},{"name":"stoneedge","pp":8}],"fainted":false},"dragapult":{"name":"dragapult","hp":317,"max_hp":317,"ability":"infiltrator","item":"choicespecs","status_condition":null,"moves":[{"name":"shadowball","pp":24},{"name":"dracometeor","pp":8},{"name":"fireblast","pp":8},{"name":"uturn","pp":32}],"fainted":false},"braviary":{"name":"braviary","hp":341,"max_hp":341,"ability":"sheerforce","item":"choicescarf","status_condition":null,"moves":[{"name":"bravebird","pp":24},{"name":"uturn","pp":32},{"name":"closecombat","pp":8},{"name":"zenheadbutt","pp":24}],"fainted":false}},"side_conditions":{},"trapped":false,"last_used_move":{"p1":null,"move":"switch lucario","turn":false},"wish":{"countdown":0,"hp_amount":0},"future_sight":{"countdown":0,"p1":0}},"weather":null,"field":null,"trick_room":false},"turn 2":{"turn":2,"p1":{"active":{"name":"gyarados","types":["water","flying"],"hp":331,"max_hp":331,"ability":"intimidate","item":"lifeorb","stats":{"hp":331,"attack":383,"defense":194,"special-attack":140,"special-defense":237,"speed":261},"stat_changes":{"attack":2,"defense":0,"special-attack":0,"special-defense":0,"speed":2,"accuracy":0,"evasion":0},"status_condition":null,"volatile_status":[],"moves":[{"name":"earthquake","current_pp":16,"disabled":false},{"name":"powerwhip","current_pp":16,"disabled":false},{"name":"dragondance","current_pp":32,"disabled":false},{"name":"icefang","current_pp":24,"disabled":false}],"fainted":false},"reserve":{"rotomwash":{"name":"rotomwash","hp":304,"max_hp":304,"ability":"levitate","item":"iapapaberry","status_condition":null,"moves":[{"name":"hydropump","pp":8},{"name":"voltswitch","pp":32},{"name":"willowisp","pp":24},{"name":"thunderbolt","pp":24}],"fainted":false},"corviknight":{"name":"corviknight","hp":400,"max_hp":400,"ability":"mirrorarmor","item":"leftovers","status_condition":null,"moves":[{"name":"taunt","pp":32},{"name":"roost","pp":16},{"name":"bravebird","pp":24},{"name":"defog","pp":24}],"fainted":false},"seismitoad":{"name":"seismitoad","hp":414,"max_hp":414,"ability":"waterabsorb","item":"rockyhelmet","status_condition":null,"moves":[{"name":"stealthrock","pp":32},{"name":"toxic","pp":16},{"name":"powerwhip","pp":16},{"name":"liquidation","pp":16}],"fainted":false},"togekiss":{"name":"togekiss","hp":311,"max_hp":311,"ability":"serenegrace","item":"choicescarf","status_condition":null,"moves":[{"name":"dazzlinggleam","pp":16},{"name":"airslash","pp":24},{"name":"flamethrower","pp":24},{"name":"aurasphere","pp":32}],"fainted":false},"darmanitangalar":{"name":"darmanitangalar","hp":62,"max_hp":351,"ability":"gorillatactics","item":"choicescarf","status_condition":null,"moves":[{"name":"uturn","pp":31},{"name":"iciclecrash","pp":16},{"name":"flareblitz","pp":24},{"name":"earthquake","pp":16}],"fainted":false}},"side_conditions":{"toxic_count":0,"protect":0},"trapped":false,"last_used_move":{"p1":null,"move":"switch gyarados","turn":1},"wish":{"countdown":0,"hp_amount":0},"future_sight":{"countdown":0,"p1":0}},"p2":{"active":{"name":"lucario","types":["fighting","steel"],"hp":210,"max_hp":281,"ability":"justified","item":"lifeorb","stats":{"hp":281,"attack":319,"defense":176,"special-attack":239,"special-defense":177,"speed":306},"stat_changes":{"attack":-1,"defense":0,"special-attack":0,"special-defense":0,"speed":0,"accuracy":0,"evasion":0},"status_condition":null,"volatile_status":[],"moves":[{"name":"swordsdance","current_pp":32,"disabled":false},{"name":"closecombat","current_pp":8,"disabled":false},{"name":"earthquake","current_pp":16,"disabled":false},{"name":"bulletpunch","current_pp":47,"disabled":false}],"fainted":false},"reserve":{"clefable":{"name":"clefable","hp":394,"max_hp":394,"ability":"magicguard","item":"leftovers","status_condition":null,"moves":[{"name":"moonblast","pp":24},{"name":"wish","pp":16},{"name":"protect","pp":16},{"name":"flamethrower","pp":24}],"fainted":false},"seismitoad":{"name":"seismitoad","hp":414,"max_hp":414,"ability":"swiftswim","item":"leftovers","status_condition":null,"moves":[{"name":"earthquake","pp":16},{"name":"scald","pp":24},{"name":"stealthrock","pp":32},{"name":"toxic","pp":16}],"fainted":false},"tyranitar":{"name":"tyranitar","hp":404,"max_hp":404,"ability":"sandstream","item":"assaultvest","status_condition":null,"moves":[{"name":"crunch","pp":24},{"name":"earthquake","pp":16},{"name":"firepunch","pp":24},{"name":"stoneedge","pp":8}],"fainted":false},"dragapult":{"name":"dragapult","hp":317,"max_hp":317,"ability":"infiltrator","item":"choicespecs","status_condition":null,"moves":[{"name":"shadowball","pp":24},{"name":"dracometeor","pp":8},{"name":"fireblast","pp":8},{"name":"uturn","pp":32}],"fainted":false},"braviary":{"name":"braviary","hp":341,"max_hp":341,"ability":"sheerforce","item":"choicescarf","status_condition":null,"moves":[{"name":"bravebird","pp":24},{"name":"uturn","pp":32},{"name":"closecombat","pp":8},{"name":"zenheadbutt","pp":24}],"fainted":false}},"side_conditions":{"protect":0},"trapped":false,"last_used_move":{"p1":"lucario","move":"bulletpunch","turn":1},"wish":{"countdown":0,"hp_amount":0},"future_sight":{"countdown":0,"p1":0}},"weather":null,"field":null,"trick_room":false},"turn 3":{"turn":3,"p1":{"active":{"name":"gyarados","types":["water","flying"],"hp":331,"max_hp":331,"ability":"intimidate","item":"lifeorb","stats":{"hp":331,"attack":383,"defense":194,"special-attack":140,"special-defense":237,"speed":261},"stat_changes":{"attack":2,"defense":0,"special-attack":0,"special-defense":0,"speed":2,"accuracy":0,"evasion":0},"status_condition":null,"volatile_status":[],"moves":[{"name":"earthquake","current_pp":16,"disabled":false},{"name":"powerwhip","current_pp":16,"disabled":false},{"name":"dragondance","current_pp":31,"disabled":false},{"name":"icefang","current_pp":24,"disabled":false}],"fainted":false},"reserve":{"rotomwash":{"name":"rotomwash","hp":304,"max_hp":304,"ability":"levitate","item":"iapapaberry","status_condition":null,"moves":[{"name":"hydropump","pp":8},{"name":"voltswitch","pp":32},{"name":"willowisp","pp":24},{"name":"thunderbolt","pp":24}],"fainted":false},"corviknight":{"name":"corviknight","hp":400,"max_hp":400,"ability":"mirrorarmor","item":"leftovers","status_condition":null,"moves":[{"name":"taunt","pp":32},{"name":"roost","pp":16},{"name":"bravebird","pp":24},{"name":"defog","pp":24}],"fainted":false},"seismitoad":{"name":"seismitoad","hp":414,"max_hp":414,"ability":"waterabsorb","item":"rockyhelmet","status_condition":null,"moves":[{"name":"stealthrock","pp":32},{"name":"toxic","pp":16},{"name":"powerwhip","pp":16},{"name":"liquidation","pp":16}],"fainted":false},"togekiss":{"name":"togekiss","hp":311,"max_hp":311,"ability":"serenegrace","item":"choicescarf","status_condition":null,"moves":[{"name":"dazzlinggleam","pp":16},{"name":"airslash","pp":24},{"name":"flamethrower","pp":24},{"name":"aurasphere","pp":32}],"fainted":false},"darmanitangalar":{"name":"darmanitangalar","hp":62,"max_hp":351,"ability":"gorillatactics","item":"choicescarf","status_condition":null,"moves":[{"name":"uturn","pp":31},{"name":"iciclecrash","pp":16},{"name":"flareblitz","pp":24},{"name":"earthquake","pp":16}],"fainted":false}},"side_conditions":{"toxic_count":0,"protect":0},"trapped":false,"last_used_move":{"p1":"gyarados","move":"dragondance","turn":2},"wish":{"countdown":0,"hp_amount":0},"future_sight":{"countdown":0,"p1":0}},"p2":{"active":{"name":"seismitoad","types":["water","ground"],"hp":414,"max_hp":414,"ability":"swiftswim","item":"leftovers","stats":{"hp":414,"attack":227,"defense":273,"special-attack":206,"special-defense":186,"speed":165},"stat_changes":{"attack":0,"defense":0,"special-attack":0,"special-defense":0,"speed":0,"accuracy":0,"evasion":0},"status_condition":null,"volatile_status":[],"moves":[{"name":"earthquake","current_pp":16,"disabled":false},{"name":"scald","current_pp":24,"disabled":false},{"name":"stealthrock","current_pp":32,"disabled":false},{"name":"toxic","current_pp":16,"disabled":false}],"fainted":false},"reserve":{"clefable":{"name":"clefable","hp":394,"max_hp":394,"ability":"magicguard","item":"leftovers","status_condition":null,"moves":[{"name":"moonblast","pp":24},{"name":"wish","pp":16},{"name":"protect","pp":16},{"name":"flamethrower","pp":24}],"fainted":false},"tyranitar":{"name":"tyranitar","hp":404,"max_hp":404,"ability":"sandstream","item":"assaultvest","status_condition":null,"moves":[{"name":"crunch","pp":24},{"name":"earthquake","pp":16},{"name":"firepunch","pp":24},{"name":"stoneedge","pp":8}],"fainted":false},"dragapult":{"name":"dragapult","hp":317,"max_hp":317,"ability":"infiltrator","item":"choicespecs","status_condition":null,"moves":[{"name":"shadowball","pp":24},{"name":"dracometeor","pp":8},{"name":"fireblast","pp":8},{"name":"uturn","pp":32}],"fainted":false},"braviary":{"name":"braviary","hp":341,"max_hp":341,"ability":"sheerforce","item":"choicescarf","status_condition":null,"moves":[{"name":"bravebird","pp":24},{"name":"uturn","pp":32},{"name":"closecombat","pp":8},{"name":"zenheadbutt","pp":24}],"fainted":false},"lucario":{"name":"lucario","hp":210,"max_hp":281,"ability":"justified","item":"lifeorb","status_condition":null,"moves":[{"name":"swordsdance","pp":32},{"name":"closecombat","pp":8},{"name":"earthquake","pp":16},{"name":"bulletpunch","pp":47}],"fainted":false}},"side_conditions":{"protect":0,"toxic_count":0},"trapped":false,"last_used_move":{"p1":null,"move":"switch seismitoad","turn":2},"wish":{"countdown":0,"hp_amount":0},"future_sight":{"countdown":0,"p1":0}},"weather":null,"field":null,"trick_room":false},"turn 4":{"turn":4,"p1":{"active":{"name":"gyarados","types":["water","flying"],"hp":311,"max_hp":331,"ability":"intimidate","item":"lifeorb","stats":{"hp":331,"attack":383,"defense":194,"special-attack":140,"special-defense":237,"speed":261},"stat_changes":{"attack":2,"defense":0,"special-attack":0,"special-defense":0,"speed":2,"accuracy":0,"evasion":0},"status_condition":"tox","volatile_status":[],"moves":[{"name":"earthquake","current_pp":16,"disabled":false},{"name":"powerwhip","current_pp":15,"disabled":false},{"name":"dragondance","current_pp":31,"disabled":false},{"name":"icefang","current_pp":24,"disabled":false}],"fainted":false},"reserve":{"rotomwash":{"name":"rotomwash","hp":304,"max_hp":304,"ability":"levitate","item":"iapapaberry","status_condition":null,"moves":[{"name":"hydropump","pp":8},{"name":"voltswitch","pp":32},{"name":"willowisp","pp":24},{"name":"thunderbolt","pp":24}],"fainted":false},"corviknight":{"name":"corviknight","hp":400,"max_hp":400,"ability":"mirrorarmor","item":"leftovers","status_condition":null,"moves":[{"name":"taunt","pp":32},{"name":"roost","pp":16},{"name":"bravebird","pp":24},{"name":"defog","pp":24}],"fainted":false},"seismitoad":{"name":"seismitoad","hp":414,"max_hp":414,"ability":"waterabsorb","item":"rockyhelmet","status_condition":null,"moves":[{"name":"stealthrock","pp":32},{"name":"toxic","pp":16},{"name":"powerwhip","pp":16},{"name":"liquidation","pp":16}],"fainted":false},"togekiss":{"name":"togekiss","hp":311,"max_hp":311,"ability":"serenegrace","item":"choicescarf","status_condition":null,"moves":[{"name":"dazzlinggleam","pp":16},{"name":"airslash","pp":24},{"name":"flamethrower","pp":24},{"name":"aurasphere","pp":32}],"fainted":false},"darmanitangalar":{"name":"darmanitangalar","hp":62,"max_hp":351,"ability":"gorillatactics","item":"choicescarf","status_condition":null,"moves":[{"name":"uturn","pp":31},{"name":"iciclecrash","pp":16},{"name":"flareblitz","pp":24},{"name":"earthquake","pp":16}],"fainted":false}},"side_conditions":{"toxic_count":1,"protect":0},"trapped":false,"last_used_move":{"p1":"gyarados","move":"powerwhip","turn":3},"wish":{"countdown":0,"hp_amount":0},"future_sight":{"countdown":0,"p1":0}},"p2":{"active":{"name":"seismitoad","types":["water","ground"],"hp":414,"max_hp":414,"ability":"swiftswim","item":"leftovers","stats":{"hp":414,"attack":227,"defense":273,"special-attack":206,"special-defense":186,"speed":165},"stat_changes":{"attack":0,"defense":0,"special-attack":0,"special-defense":0,"speed":0,"accuracy":0,"evasion":0},"status_condition":null,"volatile_status":[],"moves":[{"name":"earthquake","current_pp":16,"disabled":false},{"name":"scald","current_pp":24,"disabled":false},{"name":"stealthrock","current_pp":32,"disabled":false},{"name":"toxic","current_pp":15,"disabled":false}],"fainted":false},"reserve":{"clefable":{"name":"clefable","hp":394,"max_hp":394,"ability":"magicguard","item":"leftovers","status_condition":null,"moves":[{"name":"moonblast","pp":24},{"name":"wish","pp":16},{"name":"protect","pp":16},{"name":"flamethrower","pp":24}],"fainted":false},"tyranitar":{"name":"tyranitar","hp":404,"max_hp":404,"ability":"sandstream","item":"assaultvest","status_condition":null,"moves":[{"name":"crunch","pp":24},{"name":"earthquake","pp":16},{"name":"firepunch","pp":24},{"name":"stoneedge","pp":8}],"fainted":false},"dragapult":{"name":"dragapult","hp":317,"max_hp":317,"ability":"infiltrator","item":"choicespecs","status_condition":null,"moves":[{"name":"shadowball","pp":24},{"name":"dracometeor","pp":8},{"name":"fireblast","pp":8},{"name":"uturn","pp":32}],"fainted":false},"braviary":{"name":"braviary","hp":341,"max_hp":341,"ability":"sheerforce","item":"choicescarf","status_condition":null,"moves":[{"name":"bravebird","pp":24},{"name":"uturn","pp":32},{"name":"closecombat","pp":8},{"name":"zenheadbutt","pp":24}],"fainted":false},"lucario":{"name":"lucario","hp":210,"max_hp":281,"ability":"justified","item":"lifeorb","status_condition":null,"moves":[{"name":"swordsdance","pp":32},{"name":"closecombat","pp":8},{"name":"earthquake","pp":16},{"name":"bulletpunch","pp":47}],"fainted":false}},"side_conditions":{"protect":0,"toxic_count":0},"trapped":false,"last_used_move":{"p1":"seismitoad","move":"toxic","turn":3},"wish":{"countdown":0,"hp_amount":0},"future_sight":{"countdown":0,"p1":0}},"weather":null,"field":null,"trick_room":false},"turn 5":{"turn":5,"p1":{"active":{"name":"gyarados","types":["water","flying"],"hp":271,"max_hp":331,"ability":"intimidate","item":"lifeorb","stats":{"hp":331,"attack":383,"defense":194,"special-attack":140,"special-defense":237,"speed":261},"stat_changes":{"attack":2,"defense":0,"special-attack":0,"special-defense":0,"speed":2,"accuracy":0,"evasion":0},"status_condition":"tox","volatile_status":[],"moves":[{"name":"earthquake","current_pp":16,"disabled":false},{"name":"powerwhip","current_pp":15,"disabled":false},{"name":"dragondance","current_pp":30,"disabled":false},{"name":"icefang","current_pp":24,"disabled":false}],"fainted":false},"reserve":{"rotomwash":{"name":"rotomwash","hp":304,"max_hp":304,"ability":"levitate","item":"iapapaberry","status_condition":null,"moves":[{"name":"hydropump","pp":8},{"name":"voltswitch","pp":32},{"name":"willowisp","pp":24},{"name":"thunderbolt","pp":24}],"fainted":false},"corviknight":{"name":"corviknight","hp":400,"max_hp":400,"ability":"mirrorarmor","item":"leftovers","status_condition":null,"moves":[{"name":"taunt","pp":32},{"name":"roost","pp":16},{"name":"bravebird","pp":24},{"name":"defog","pp":24}],"fainted":false},"seismitoad":{"name":"seismitoad","hp":414,"max_hp":414,"ability":"waterabsorb","item":"rockyhelmet","status_condition":null,"moves":[{"name":"stealthrock","pp":32},{"name":"toxic","pp":16},{"name":"powerwhip","pp":16},{"name":"liquidation","pp":16}],"fainted":false},"togekiss":{"name":"togekiss","hp":311,"max_hp":311,"ability":"serenegrace","item":"choicescarf","status_condition":null,"moves":[{"name":"dazzlinggleam","pp":16},{"name":"airslash","pp":24},{"name":"flamethrower","pp":24},{"name":"aurasphere","pp":32}],"fainted":false},"darmanitangalar":{"name":"darmanitangalar","hp":62,"max_hp":351,"ability":"gorillatactics","item":"choicescarf","status_condition":null,"moves":[{"name":"uturn","pp":31},{"name":"iciclecrash","pp":16},{"name":"flareblitz","pp":24},{"name":"earthquake","pp":16}],"fainted":false}},"side_conditions":{"toxic_count":2,"protect":0},"trapped":false,"last_used_move":{"p1":"gyarados","move":"dragondance","turn":4},"wish":{"countdown":0,"hp_amount":0},"future_sight":{"countdown":0,"p1":0}},"p2":{"active":{"name":"dragapult","types":["dragon","ghost"],"hp":317,"max_hp":317,"ability":"infiltrator","item":"choicespecs","stats":{"hp":317,"attack":248,"defense":186,"special-attack":299,"special-defense":187,"speed":421},"stat_changes":{"attack":0,"defense":0,"special-attack":0,"special-defense":0,"speed":0,"accuracy":0,"evasion":0},"status_condition":null,"volatile_status":[],"moves":[{"name":"shadowball","current_pp":24,"disabled":false},{"name":"dracometeor","current_pp":8,"disabled":false},{"name":"fireblast","current_pp":8,"disabled":false},{"name":"uturn","current_pp":32,"disabled":false}],"fainted":false},"reserve":{"clefable":{"name":"clefable","hp":394,"max_hp":394,"ability":"magicguard","item":"leftovers","status_condition":null,"moves":[{"name":"moonblast","pp":24},{"name":"wish","pp":16},{"name":"protect","pp":16},{"name":"flamethrower","pp":24}],"fainted":false},"tyranitar":{"name":"tyranitar","hp":404,"max_hp":404,"ability":"sandstream","item":"assaultvest","status_condition":null,"moves":[{"name":"crunch","pp":24},{"name":"earthquake","pp":16},{"name":"firepunch","pp":24},{"name":"stoneedge","pp":8}],"fainted":false},"braviary":{"name":"braviary","hp":341,"max_hp":341,"ability":"sheerforce","item":"choicescarf","status_condition":null,"moves":[{"name":"bravebird","pp":24},{"name":"uturn","pp":32},{"name":"closecombat","pp":8},{"name":"zenheadbutt","pp":24}],"fainted":false},"lucario":{"name":"lucario","hp":210,"max_hp":281,"ability":"justified","item":"lifeorb","status_condition":null,"moves":[{"name":"swordsdance","pp":32},{"name":"closecombat","pp":8},{"name":"earthquake","pp":16},{"name":"bulletpunch","pp":47}],"fainted":false},"seismitoad":{"name":"seismitoad","hp":414,"max_hp":414,"ability":"swiftswim","item":"leftovers","status_condition":null,"moves":[{"name":"earthquake","pp":16},{"name":"scald","pp":24},{"name":"stealthrock","pp":32},{"name":"toxic","pp":15}],"fainted":false}},"side_conditions":{"protect":0,"toxic_count":0},"trapped":false,"last_used_move":{"p1":null,"move":"switch dragapult","turn":4},"wish":{"countdown":0,"hp_amount":0},"future_sight":{"countdown":0,"p1":0}},"weather":null,"field":null,"trick_room":false},"turn 6":{"turn":6,"p1":{"active":{"name":"gyarados","types":["water","flying"],"hp":178,"max_hp":331,"ability":"intimidate","item":"lifeorb","stats":{"hp":331,"attack":383,"defense":194,"special-attack":140,"special-defense":237,"speed":261},"stat_changes":{"attack":2,"defense":0,"special-attack":0,"special-defense":0,"speed":2,"accuracy":0,"evasion":0},"status_condition":"tox","volatile_status":[],"moves":[{"name":"earthquake","current_pp":16,"disabled":false},{"name":"powerwhip","current_pp":15,"disabled":false},{"name":"dragondance","current_pp":30,"disabled":false},{"name":"icefang","current_pp":23,"disabled":false}],"fainted":false},"reserve":{"rotomwash":{"name":"rotomwash","hp":304,"max_hp":304,"ability":"levitate","item":"iapapaberry","status_condition":null,"moves":[{"name":"hydropump","pp":8},{"name":"voltswitch","pp":32},{"name":"willowisp","pp":24},{"name":"thunderbolt","pp":24}],"fainted":false},"corviknight":{"name":"corviknight","hp":400,"max_hp":400,"ability":"mirrorarmor","item":"leftovers","status_condition":null,"moves":[{"name":"taunt","pp":32},{"name":"roost","pp":16},{"name":"bravebird","pp":24},{"name":"defog","pp":24}],"fainted":false},"seismitoad":{"name":"seismitoad","hp":414,"max_hp":414,"ability":"waterabsorb","item":"rockyhelmet","status_condition":null,"moves":[{"name":"stealthrock","pp":32},{"name":"toxic","pp":16},{"name":"powerwhip","pp":16},{"name":"liquidation","pp":16}],"fainted":false},"togekiss":{"name":"togekiss","hp":311,"max_hp":311,"ability":"serenegrace","item":"choicescarf","status_condition":null,"moves":[{"name":"dazzlinggleam","pp":16},{"name":"airslash","pp":24},{"name":"flamethrower","pp":24},{"name":"aurasphere","pp":32}],"fainted":false},"darmanitangalar":{"name":"darmanitangalar","hp":62,"max_hp":351,"ability":"gorillatactics","item":"choicescarf","status_condition":null,"moves":[{"name":"uturn","pp":31},{"name":"iciclecrash","pp":16},{"name":"flareblitz","pp":24},{"name":"earthquake","pp":16}],"fainted":false}},"side_conditions":{"toxic_count":3,"protect":0},"trapped":false,"last_used_move":{"p1":"gyarados","move":"icefang","turn":5},"wish":{"countdown":0,"hp_amount":0},"future_sight":{"countdown":0,"p1":0}},"p2":{"active":{"name":"braviary","types":["normal","flying"],"hp":341,"max_hp":341,"ability":"sheerforce","item":"choicescarf","stats":{"hp":341,"attack":345,"defense":167,"special-attack":150,"special-defense":186,"speed":284},"stat_changes":{"attack":0,"defense":0,"special-attack":0,"special-defense":0,"speed":0,"accuracy":0,"evasion":0},"status_condition":null,"volatile_status":[],"moves":[{"name":"bravebird","current_pp":24,"disabled":false},{"name":"uturn","current_pp":32,"disabled":false},{"name":"closecombat","current_pp":8,"disabled":false},{"name":"zenheadbutt","current_pp":24,"disabled":false}],"fainted":false},"reserve":{"clefable":{"name":"clefable","hp":394,"max_hp":394,"ability":"magicguard","item":"leftovers","status_condition":null,"moves":[{"name":"moonblast","pp":24},{"name":"wish","pp":16},{"name":"protect","pp":16},{"name":"flamethrower","pp":24}],"fainted":false},"tyranitar":{"name":"tyranitar","hp":404,"max_hp":404,"ability":"sandstream","item":"assaultvest","status_condition":null,"moves":[{"name":"crunch","pp":24},{"name":"earthquake","pp":16},{"name":"firepunch","pp":24},{"name":"stoneedge","pp":8}],"fainted":false},"lucario":{"name":"lucario","hp":210,"max_hp":281,"ability":"justified","item":"lifeorb","status_condition":null,"moves":[{"name":"swordsdance","pp":32},{"name":"closecombat","pp":8},{"name":"earthquake","pp":16},{"name":"bulletpunch","pp":47}],"fainted":false},"seismitoad":{"name":"seismitoad","hp":414,"max_hp":414,"ability":"swiftswim","item":"leftovers","status_condition":null,"moves":[{"name":"earthquake","pp":16},{"name":"scald","pp":24},{"name":"stealthrock","pp":32},{"name":"toxic","pp":15}],"fainted":false},"dragapult":{"name":"dragapult","hp":0,"max_hp":317,"ability":"infiltrator","item":"choicespecs","status_condition":null,"moves":[{"name":"shadowball","pp":24},{"name":"dracometeor","pp":8},{"name":"fireblast","pp":8},{"name":"uturn","pp":32}],"fainted":true}},"side_conditions":{"protect":0,"toxic_count":0},"trapped":false,"last_used_move":{"p1":null,"move":"switch braviary","turn":5},"wish":{"countdown":0,"hp_amount":0},"future_sight":{"countdown":0,"p1":0}},"weather":null,"field":null,"trick_room":false}}}