{"endType":"normal","format":"gen8ou","inputLog":[">version aa9f8c6b9cf4eca780a1296832ecd3b0009641e0",">version-origin 5e8529faaa5905c5f8e15eafaaefa806ee8c7d06",">start {\"formatid\":\"gen8ou\",\"seed\":[40443,34117,7022,47481],\"rated\":\"Rated battle\"}",">player p1 {\"\"name\":\"28680\",\"rating\":1498}",">player p2 {\"\"name\":\"14622\",\"rating\":1484}",">p1 team 1, 2, 3, 4, 5, 6",">p2 team 3, 2, 1, 4, 5, 6",">p1 switch 6",">p2 move firstimpression",">p1 move kingsshield",">p2 move razorshell",">p1 move swordsdance",">p2 move razorshell",">p1 move swordsdance",">p2 move suckerpunch",">p1 move swordsdance",">p2 move razorshell",">p1 move kingsshield",">p2 move suckerpunch",">p1 move shadowsneak",">p2 move suckerpunch",">p2 switch 2",">p1 move shadowsneak",">p2 move suckerpunch",">p1 switch 4",">p1 move dracometeor",">p2 switch 4",">p1 switch 3",">p2 switch 6",">p1 move stealthrock",">p2 switch 4",">p1 move thunderwave",">p2 move gunkshot",">p1 switch 2",">p2 move gunkshot",">p1 move boomburst",">p2 move suckerpunch",">p2 switch 3",">p1 switch 2",">p2 move dragondance",">p1 move moonblast",">p2 switch 6",">p1 move thunderwave",">p2 move defog",">p1 move stealthrock",">p2 move bulkup",">p1 switch 2",">p2 move defog",">p1 move overdrive",">p2 switch 6",">p1 switch 2",">p2 move psychicfangs",">p1 move moonblast",">p2 switch 2",">p1 move moonblast",">p2 move firstimpression",">p2 switch 4",">p1 move moonblast",">p2 move flashcannon",">p2 switch 2",">p1 move moonlight",">p2 move psychicfangs",">p1 switch 3",">p1 move darkpulse",">p2 switch 6",">p1 move nastyplot",">p2 move bravebird",">p1 move darkpulse",">p2 move roost",">p1 move darkpulse",">p2 move roost",">p2 switch 6",">p1 switch 2",">p2 move dragondarts",">p1 switch 6",">p1 move iciclecrash",">p2 switch 5",">p1 move iciclecrash",">p2 move focusblast",">p1 switch 5",">p2 move focusblast",">p1 move earthquake",">p2 move scald",">p1 move drainpunch",">p2 move scald",">p1 move machpunch",">p2 switch 5",">p1 move earthquake",">p2 move dragondarts",">p1 switch 5",">p1 move earthquake",">p2 move dragondance",">p2 switch 5",">p1 move earthquake",">p2 move focusblast"],"log":["|j|\u260628680","|j|\u260614622","|player|p1|28680|265|1498","|player|p2|14622|li|1484","|teamsize|p1|6","|teamsize|p2|6","|gametype|singles","|gen|8","|tier|[Gen 8] OU","|rated|","|rule|Sleep Clause Mod: Limit one foe put to sleep","|rule|Species Clause: Limit one of each Pok\u00e9mon","|rule|OHKO Clause: OHKO moves are banned","|rule|Evasion Moves Clause: Evasion moves are banned","|rule|Endless Battle Clause: Forcing endless battles is banned","|rule|HP Percentage Mod: HP is shown in percentages","|clearpoke","|poke|p1|Darmanitan-Galar, M|","|poke|p1|Toxtricity, M|","|poke|p1|Clefable, M|","|poke|p1|Hydreigon, F|","|poke|p1|Conkeldurr, F|","|poke|p1|Aegislash, M|","|poke|p2|Dragapult, F|","|poke|p2|Cinderace, F|","|poke|p2|Golisopod, M|","|poke|p2|Corviknight, F|","|poke|p2|Seismitoad, F|","|poke|p2|Hydreigon, M|","|rule|Dynamax Clause: You cannot dynamax","|teampreview","|","|start","|switch|p1a: Darmanitan|Darmanitan-Galar, M|351\/351","|switch|p2a: Golisopod|Golisopod, M, shiny|317\/317","|turn|1","|","|switch|p1a: Aegislash|Aegislash, M|324\/324","|move|p2a: Golisopod|First Impression|p1a: Aegislash","|-resisted|p1a: Aegislash","|-damage|p1a: Aegislash|293\/324","|","|-heal|p1a: Aegislash|313\/324|[from] item: Leftovers","|upkeep","|turn|2","|","|move|p1a: Aegislash|King's Shield|p1a: Aegislash","|-singleturn|p1a: Aegislash|Protect","|move|p2a: Golisopod|Razor Shell|p1a: Aegislash","|-activate|p1a: Aegislash|move: Protect","|-unboost|p2a: Golisopod|atk|1","|","|-heal|p1a: Aegislash|324\/324|[from] item: Leftovers","|upkeep","|turn|3","|","|move|p1a: Aegislash|Swords Dance|p1a: Aegislash","|-boost|p1a: Aegislash|atk|2","|move|p2a: Golisopod|Razor Shell|p1a: Aegislash","|-damage|p1a: Aegislash|257\/324","|-unboost|p1a: Aegislash|def|1","|","|-heal|p1a: Aegislash|277\/324|[from] item: Leftovers","|upkeep","|turn|4","|","|move|p2a: Golisopod|Sucker Punch||[still]","|-fail|p2a: Golisopod","|move|p1a: Aegislash|Swords Dance|p1a: Aegislash","|-boost|p1a: Aegislash|atk|2","|","|-heal|p1a: Aegislash|297\/324|[from] item: Leftovers","|upkeep","|turn|5","|","|move|p1a: Aegislash|Swords Dance|p1a: Aegislash","|-boost|p1a: Aegislash|atk|2","|move|p2a: Golisopod|Razor Shell|p1a: Aegislash","|-damage|p1a: Aegislash|197\/324","|-unboost|p1a: Aegislash|def|1","|","|-heal|p1a: Aegislash|217\/324|[from] item: Leftovers","|upkeep","|turn|6","|","|move|p1a: Aegislash|King's Shield|p1a: Aegislash","|-singleturn|p1a: Aegislash|Protect","|move|p2a: Golisopod|Sucker Punch||[still]","|-fail|p2a: Golisopod","|","|-heal|p1a: Aegislash|237\/324|[from] item: Leftovers","|upkeep","|turn|7","|","|-formechange|p1a: Aegislash|Aegislash-Blade||[from] ability: Stance Change","|move|p1a: Aegislash|Shadow Sneak|p2a: Golisopod","|-damage|p2a: Golisopod|113\/317","|-activate|p2a: Golisopod|ability: Emergency Exit","|","|switch|p2a: Cinderace|Cinderace, F|301\/301","|","|-heal|p1a: Aegislash|257\/324|[from] item: Leftovers","|upkeep","|turn|8","|","|move|p2a: Cinderace|Sucker Punch|p1a: Aegislash","|-supereffective|p1a: Aegislash","|-damage|p1a: Aegislash|0 fnt","|-damage|p2a: Cinderace|271\/301|[from] item: Life Orb","|faint|p1a: Aegislash","|","|upkeep","|","|switch|p1a: Hydreigon|Hydreigon, F|325\/325","|turn|9","|","|switch|p2a: Corviknight|Corviknight, F, shiny|400\/400","|-ability|p2a: Corviknight|Pressure","|move|p1a: Hydreigon|Draco Meteor|p2a: Corviknight","|-resisted|p2a: Corviknight","|-damage|p2a: Corviknight|313\/400","|-unboost|p1a: Hydreigon|spa|2","|","|-heal|p2a: Corviknight|338\/400|[from] item: Leftovers","|upkeep","|turn|10","|","|switch|p1a: Clefable|Clefable, M|394\/394","|switch|p2a: Hydreigon|Hydreigon, M|325\/325","|","|upkeep","|turn|11","|","|switch|p2a: Cinderace|Cinderace, F|271\/301","|move|p1a: Clefable|Stealth Rock|p2a: Cinderace","|-sidestart14622|move: Stealth Rock","|","|upkeep","|turn|12","|","|move|p2a: Cinderace|Gunk Shot|p1a: Clefable|[miss]","|-miss|p2a: Cinderace|p1a: Clefable","|move|p1a: Clefable|Thunder Wave|p2a: Cinderace","|-status|p2a: Cinderace|par","|","|upkeep","|turn|13","|","|switch|p1a: Toxtricity|Toxtricity, M|291\/291","|move|p2a: Cinderace|Gunk Shot|p1a: Toxtricity","|-resisted|p1a: Toxtricity","|-damage|p1a: Toxtricity|168\/291","|-damage|p2a: Cinderace|241\/301 par|[from] item: Life Orb","|","|upkeep","|turn|14","|","|move|p2a: Cinderace|Sucker Punch|p1a: Toxtricity","|-damage|p1a: Toxtricity|26\/291","|-damage|p2a: Cinderace|211\/301 par|[from] item: Life Orb","|move|p1a: Toxtricity|Boomburst|p2a: Cinderace","|-damage|p2a: Cinderace|0 fnt","|faint|p2a: Cinderace","|","|upkeep","|","|switch|p2a: Dragapult|Dragapult, F|317\/317","|-damage|p2a: Dragapult|278\/317|[from] Stealth Rock","|turn|15","|","|switch|p1a: Clefable|Clefable, M|394\/394","|move|p2a: Dragapult|Dragon Dance|p2a: Dragapult","|-boost|p2a: Dragapult|atk|1","|-boost|p2a: Dragapult|spe|1","|","|upkeep","|turn|16","|","|switch|p2a: Corviknight|Corviknight, F, shiny|338\/400","|-damage|p2a: Corviknight|288\/400|[from] Stealth Rock","|-ability|p2a: Corviknight|Pressure","|move|p1a: Clefable|Moonblast|p2a: Corviknight","|-resisted|p2a: Corviknight","|-damage|p2a: Corviknight|231\/400","|","|-heal|p2a: Corviknight|256\/400|[from] item: Leftovers","|upkeep","|turn|17","|","|move|p2a: Corviknight|Defog|p1a: Clefable","|-unboost|p1a: Clefable|evasion|1","|-sideend14622|Stealth Rock|[from] move: Defog|[of] p2a: Corviknight","|move|p1a: Clefable|Thunder Wave|p2a: Corviknight","|-status|p2a: Corviknight|par","|","|-heal|p2a: Corviknight|281\/400 par|[from] item: Leftovers","|upkeep","|turn|18","|","|move|p1a: Clefable|Stealth Rock|p2a: Corviknight","|-sidestart14622|move: Stealth Rock","|cant|p2a: Corviknight|par","|","|-heal|p2a: Corviknight|306\/400 par|[from] item: Leftovers","|upkeep","|turn|19","|","|switch|p1a: Toxtricity|Toxtricity, M|26\/291","|move|p2a: Corviknight|Defog|p1a: Toxtricity","|-unboost|p1a: Toxtricity|evasion|1","|-sideend14622|Stealth Rock|[from] move: Defog|[of] p2a: Corviknight","|","|-heal|p2a: Corviknight|331\/400 par|[from] item: Leftovers","|upkeep","|turn|20","|","|switch|p2a: Dragapult|Dragapult, F|278\/317","|move|p1a: Toxtricity|Overdrive|p2a: Dragapult","|-resisted|p2a: Dragapult","|-damage|p2a: Dragapult|81\/317","|","|upkeep","|turn|21","|","|switch|p1a: Clefable|Clefable, M|394\/394","|move|p2a: Dragapult|Psychic Fangs|p1a: Clefable","|-damage|p1a: Clefable|268\/394","|","|-heal|p1a: Clefable|292\/394|[from] item: Leftovers","|upkeep","|turn|22","|","|switch|p2a: Golisopod|Golisopod, M, shiny|113\/317","|move|p1a: Clefable|Moonblast|p2a: Golisopod","|-damage|p2a: Golisopod|5\/317","|","|-heal|p1a: Clefable|316\/394|[from] item: Leftovers","|upkeep","|turn|23","|","|move|p2a: Golisopod|First Impression|p1a: Clefable","|-resisted|p1a: Clefable","|-damage|p1a: Clefable|196\/394","|move|p1a: Clefable|Moonblast|p2a: Golisopod","|-damage|p2a: Golisopod|0 fnt","|faint|p2a: Golisopod","|","|-heal|p1a: Clefable|220\/394|[from] item: Leftovers","|upkeep","|","|switch|p2a: Hydreigon|Hydreigon, M|325\/325","|turn|24","|","|move|p2a: Hydreigon|Flash Cannon|p1a: Clefable","|-supereffective|p1a: Clefable","|-damage|p1a: Clefable|30\/394","|move|p1a: Clefable|Moonblast|p2a: Hydreigon","|-supereffective|p2a: Hydreigon","|-damage|p2a: Hydreigon|0 fnt","|faint|p2a: Hydreigon","|","|-heal|p1a: Clefable|54\/394|[from] item: Leftovers","|upkeep","|","|switch|p2a: Dragapult|Dragapult, F|81\/317","|turn|25","|","|move|p2a: Dragapult|Psychic Fangs|p1a: Clefable","|-damage|p1a: Clefable|0 fnt","|faint|p1a: Clefable","|","|upkeep","|","|switch|p1a: Hydreigon|Hydreigon, F|325\/325","|turn|26","|","|switch|p2a: Corviknight|Corviknight, F, shiny|331\/400 par","|-ability|p2a: Corviknight|Pressure","|move|p1a: Hydreigon|Dark Pulse|p2a: Corviknight","|-damage|p2a: Corviknight|226\/400 par","|","|-heal|p2a: Corviknight|251\/400 par|[from] item: Leftovers","|upkeep","|turn|27","|","|move|p1a: Hydreigon|Nasty Plot|p1a: Hydreigon","|-boost|p1a: Hydreigon|spa|2","|move|p2a: Corviknight|Brave Bird|p1a: Hydreigon","|-damage|p1a: Hydreigon|184\/325","|-damage|p2a: Corviknight|204\/400 par|[from] Recoil","|","|-heal|p1a: Hydreigon|204\/325|[from] item: Leftovers","|-heal|p2a: Corviknight|229\/400 par|[from] item: Leftovers","|upkeep","|turn|28","|","|move|p1a: Hydreigon|Dark Pulse|p2a: Corviknight","|-damage|p2a: Corviknight|22\/400 par","|cant|p2a: Corviknight|flinch","|","|-heal|p1a: Hydreigon|224\/325|[from] item: Leftovers","|-heal|p2a: Corviknight|47\/400 par|[from] item: Leftovers","|upkeep","|turn|29","|","|move|p1a: Hydreigon|Dark Pulse|p2a: Corviknight","|-damage|p2a: Corviknight|0 fnt","|faint|p2a: Corviknight","|","|-heal|p1a: Hydreigon|244\/325|[from] item: Leftovers","|upkeep","|","|switch|p2a: Dragapult|Dragapult, F|81\/317","|turn|30","|","|switch|p1a: Toxtricity|Toxtricity, M|26\/291","|move|p2a: Dragapult|Dragon Darts|p1a: Toxtricity","|-damage|p1a: Toxtricity|0 fnt","|-hitcount|p1a: Toxtricity|1","|faint|p1a: Toxtricity","|","|upkeep","|","|switch|p1a: Darmanitan|Darmanitan-Galar, M|351\/351","|turn|31","|","|switch|p2a: Seismitoad|Seismitoad, F, shiny|413\/413","|move|p1a: Darmanitan|Icicle Crash|p2a: Seismitoad|[miss]","|-miss|p1a: Darmanitan|p2a: Seismitoad","|","|upkeep","|turn|32","|","|move|p1a: Darmanitan|Icicle Crash|p2a: Seismitoad|[miss]","|-miss|p1a: Darmanitan|p2a: Seismitoad","|move|p2a: Seismitoad|Focus Blast|p1a: Darmanitan|[miss]","|-miss|p2a: Seismitoad|p1a: Darmanitan","|","|upkeep","|turn|33","|","|switch|p1a: Conkeldurr|Conkeldurr, F|414\/414","|move|p2a: Seismitoad|Focus Blast|p1a: Conkeldurr","|-damage|p1a: Conkeldurr|292\/414","|","|-status|p1a: Conkeldurr|brn|[from] item: Flame Orb","|upkeep","|turn|34","|","|move|p2a: Seismitoad|Scald|p1a: Conkeldurr","|-damage|p1a: Conkeldurr|178\/414 brn","|move|p1a: Conkeldurr|Earthquake|p2a: Seismitoad","|-damage|p2a: Seismitoad|229\/413","|","|-damage|p1a: Conkeldurr|153\/414 brn|[from] brn","|upkeep","|turn|35","|","|move|p2a: Seismitoad|Scald|p1a: Conkeldurr","|-damage|p1a: Conkeldurr|27\/414 brn","|move|p1a: Conkeldurr|Drain Punch|p2a: Seismitoad","|-damage|p2a: Seismitoad|24\/413","|-heal|p1a: Conkeldurr|130\/414 brn|[from] drain|[of] p2a: Seismitoad","|-damage|p1a: Conkeldurr|61\/414 brn|[from] item: Rocky Helmet|[of] p2a: Seismitoad","|","|-damage|p1a: Conkeldurr|36\/414 brn|[from] brn","|upkeep","|turn|36","|","|switch|p2a: Dragapult|Dragapult, F|81\/317","|move|p1a: Conkeldurr|Mach Punch|p2a: Dragapult","|-immune|p2a: Dragapult","|","|-damage|p1a: Conkeldurr|11\/414 brn|[from] brn","|upkeep","|turn|37","|","|move|p2a: Dragapult|Dragon Darts|p1a: Conkeldurr","|-damage|p1a: Conkeldurr|0 fnt","|-hitcount|p1a: Conkeldurr|1","|faint|p1a: Conkeldurr","|","|upkeep","|","|switch|p1a: Darmanitan|Darmanitan-Galar, M|351\/351","|turn|38","|","|move|p1a: Darmanitan|Earthquake|p2a: Dragapult","|-damage|p2a: Dragapult|0 fnt","|faint|p2a: Dragapult","|","|upkeep","|","|switch|p2a: Seismitoad|Seismitoad, F, shiny|24\/413","|turn|39","|","|move|p1a: Darmanitan|Earthquake|p2a: Seismitoad","|-damage|p2a: Seismitoad|0 fnt","|faint|p2a: Seismitoad","|","|win|28680","|l|\u260614622","|raw|28680's rating: 1498 &rarr; <strong>1517<\/strong><br \/>(+19 for winning)","|raw|14622's rating: 1484 &rarr; <strong>1465<\/strong><br \/>(-19 for losing)",""],"p1":"28680","p1rating":1498,"p1team":[{"ability":"gorillatactics","evs":{"atk":252,"def":0,"hp":0,"spa":0,"spd":4,"spe":252},"happiness":160,"item":"choicescarf","ivs":{"atk":31,"def":31,"hp":31,"spa":31,"spd":31,"spe":31},"level":100,"moves":["iciclecrash","flareblitz","earthquake","uturn"],"name":"Darmanitan","nature":"Jolly","species":"darmanitangalar"},{"ability":"punkrock","evs":{"atk":0,"def":0,"hp":0,"spa":252,"spd":4,"spe":252},"happiness":160,"item":"choicespecs","ivs":{"atk":0,"def":31,"hp":31,"spa":31,"spd":31,"spe":31},"level":100,"moves":["boomburst","overdrive","sludgewave","voltswitch"],"name":"Toxtricity","nature":"Modest","species":"Toxtricity"},{"ability":"magicguard","evs":{"atk":0,"def":0,"hp":252,"spa":252,"spd":4,"spe":0},"happiness":160,"item":"leftovers","ivs":{"atk":0,"def":31,"hp":31,"spa":31,"spd":31,"spe":31},"level":100,"moves":["moonblast","moonlight","thunderwave","stealthrock"],"name":"Clefable","nature":"Modest","species":"Clefable"},{"ability":"levitate","evs":{"atk":0,"def":0,"hp":0,"spa":252,"spd":4,"spe":252},"happiness":160,"item":"leftovers","ivs":{"atk":0,"def":31,"hp":31,"spa":31,"spd":31,"spe":31},"level":100,"moves":["dracometeor","darkpulse","flashcannon","nastyplot"],"name":"Hydreigon","nature":"Timid","species":"Hydreigon"},{"ability":"guts","evs":{"atk":252,"def":0,"hp":252,"spa":0,"spd":4,"spe":0},"happiness":160,"item":"flameorb","ivs":{"atk":31,"def":31,"hp":31,"spa":31,"spd":31,"spe":31},"level":100,"moves":["machpunch","drainpunch","earthquake","defog"],"name":"Conkeldurr","nature":"Adamant","species":"Conkeldurr"},{"ability":"stancechange","evs":{"atk":252,"def":0,"hp":252,"spa":0,"spd":4,"spe":0},"happiness":160,"item":"leftovers","ivs":{"atk":31,"def":31,"hp":31,"spa":31,"spd":31,"spe":31},"level":100,"moves":["shadowsneak","ironhead","swordsdance","kingsshield"],"name":"Aegislash","nature":"Adamant","species":"Aegislash"}],"p2":"14622","p2rating":1484,"p2team":[{"ability":"infiltrator","evs":{"atk":200,"def":0,"hp":0,"spa":96,"spd":0,"spe":212},"happiness":160,"item":"metronome","ivs":{"atk":31,"def":31,"hp":31,"spa":31,"spd":31,"spe":31},"level":100,"moves":["psychicfangs","dragondance","dragondarts","thunder"],"name":"Dragapult","nature":"Naive","species":"Dragapult"},{"ability":"blaze","evs":{"atk":252,"def":0,"hp":0,"spa":0,"spd":4,"spe":252},"happiness":160,"item":"lifeorb","ivs":{"atk":31,"def":31,"hp":31,"spa":31,"spd":31,"spe":31},"level":100,"moves":["pyroball","courtchange","suckerpunch","gunkshot"],"name":"Cinderace","nature":"Adamant","species":"Cinderace"},{"ability":"emergencyexit","evs":{"atk":252,"def":136,"hp":104,"spa":0,"spd":0,"spe":16},"happiness":160,"item":"assaultvest","ivs":{"atk":31,"def":31,"hp":31,"spa":31,"spd":31,"spe":31},"level":100,"moves":["firstimpression","closecombat","suckerpunch","razorshell"],"name":"Golisopod","nature":"Adamant","shiny":true,"species":"Golisopod"},{"ability":"pressure","evs":{"atk":0,"def":0,"hp":252,"spa":0,"spd":248,"spe":8},"happiness":160,"item":"leftovers","ivs":{"atk":31,"def":31,"hp":31,"spa":31,"spd":31,"spe":31},"level":100,"moves":["bravebird","bulkup","defog","roost"],"name":"Corviknight","nature":"Careful","shiny":true,"species":"Corviknight"},{"ability":"waterabsorb","evs":{"atk":0,"def":252,"hp":248,"spa":0,"spd":0,"spe":8},"happiness":160,"item":"rockyhelmet","ivs":{"atk":0,"def":31,"hp":31,"spa":31,"spd":31,"spe":31},"level":100,"moves":["toxic","focusblast","scald","stealthrock"],"name":"Seismitoad","nature":"Bold","shiny":true,"species":"Seismitoad"},{"ability":"levitate","evs":{"atk":4,"def":0,"hp":0,"spa":252,"spd":0,"spe":252},"happiness":160,"item":"ejectpack","ivs":{"atk":0,"def":31,"hp":31,"spa":31,"spd":31,"spe":31},"level":100,"moves":["darkpulse","dracometeor","nastyplot","flashcannon"],"name":"Hydreigon","nature":"Naive","species":"Hydreigon"}],"roomid":100121,"score":[2,0],"seed":[40443,34117,7022,47481],"timestamp":"Mon Dec 30 2019 09:XX","turns":39,"winner":"28680","rated_battle":true,"average_rating":1491}