{"endType":"forfeit","format":"gen8ou","inputLog":[">version aa9f8c6b9cf4eca780a1296832ecd3b0009641e0",">version-origin 5e8529faaa5905c5f8e15eafaaefa806ee8c7d06",">start {\"formatid\":\"gen8ou\",\"seed\":[27509,36514,50678,20977],\"rated\":\"Rated battle\"}",">player p1 {\"\"name\":\"7920\",\"rating\":1319}",">player p2 {\"\"name\":\"47225\",\"rating\":1335}",">p1 team 6, 2, 3, 4, 5, 1",">p2 team 3, 2, 1, 4, 5, 6",">p1 move protect",">p2 move iciclecrash",">p1 switch 2",">p2 move iciclecrash",">p1 move drainpunch",">p2 switch 6",">p1 switch 3",">p2 move bravebird",">p1 move knockoff",">p2 move roost",">p1 move knockoff",">p2 switch 3",">p1 switch 5",">p2 move toxic",">p1 move aurawheel",">p2 move scald",">p1 switch 2",">p2 switch 2",">p1 move hypervoice",">p2 switch 2",">p1 move wish",">p2 switch 5",">p1 move hypervoice",">p2 move dragondance",">p1 switch 5",">p2 move stoneedge",">p1 move toxic",">p2 move stoneedge",">p1 switch 3",">p1 move machpunch",">p2 switch 5",">p1 switch 5",">p2 switch 3",">p1 move wish",">p2 switch 6",">p1 move protect",">p2 move iciclecrash",">p1 move mysticalfire",">p2 move iciclecrash",">p1 move protect",">p2 move iciclecrash",">p1 move mysticalfire",">p2 move iciclecrash",">p2 switch 4",">p1 move wish",">p2 move dragondance",">p1 move hypervoice",">p2 move steelwing",">p1 switch 4",">p1 move dracometeor",">p2 move dragondarts"],"log":["|j|\u26067920","|j|\u260647225","|player|p1|7920|170|1319","|player|p2|47225|238|1335","|teamsize|p1|6","|teamsize|p2|6","|gametype|singles","|gen|8","|tier|[Gen 8] OU","|rated|","|rule|Sleep Clause Mod: Limit one foe put to sleep","|rule|Species Clause: Limit one of each Pok\u00e9mon","|rule|OHKO Clause: OHKO moves are banned","|rule|Evasion Moves Clause: Evasion moves are banned","|rule|Endless Battle Clause: Forcing endless battles is banned","|rule|HP Percentage Mod: HP is shown in percentages","|clearpoke","|poke|p1|Darmanitan-Galar, M|","|poke|p1|Conkeldurr, F|","|poke|p1|Mandibuzz, F|","|poke|p1|Hydreigon, F|","|poke|p1|Morpeko, M|","|poke|p1|Sylveon, F|","|poke|p2|Toxapex, F|","|poke|p2|Flygon, M|","|poke|p2|Darmanitan-Galar, F|","|poke|p2|Dragapult, F|","|poke|p2|Tyranitar, F|","|poke|p2|Corviknight, M|","|rule|Dynamax Clause: You cannot dynamax","|teampreview","|j| Dunsparcio","|","|start","|switch|p1a: Sylveon|Sylveon, F|394\/394","|switch|p2a: Darmanitan|Darmanitan-Galar, F|351\/351","|turn|1","|","|move|p1a: Sylveon|Protect|p1a: Sylveon","|-singleturn|p1a: Sylveon|Protect","|move|p2a: Darmanitan|Icicle Crash|p1a: Sylveon","|-activate|p1a: Sylveon|move: Protect","|","|upkeep","|turn|2","|l| Dunsparcio","|","|switch|p1a: Conkeldurr|Conkeldurr, F|414\/414","|move|p2a: Darmanitan|Icicle Crash|p1a: Conkeldurr","|-damage|p1a: Conkeldurr|165\/414","|","|-status|p1a: Conkeldurr|brn|[from] item: Flame Orb","|upkeep","|turn|3","|","|switch|p2a: Corviknight|Corviknight, M|400\/400","|move|p1a: Conkeldurr|Drain Punch|p2a: Corviknight","|-damage|p2a: Corviknight|250\/400","|-heal|p1a: Conkeldurr|240\/414 brn|[from] drain|[of] p2a: Corviknight","|-damage|p1a: Conkeldurr|171\/414 brn|[from] item: Rocky Helmet|[of] p2a: Corviknight","|","|-damage|p1a: Conkeldurr|146\/414 brn|[from] brn","|upkeep","|turn|4","|","|switch|p1a: Mandibuzz|Mandibuzz, F|424\/424","|move|p2a: Corviknight|Brave Bird|p1a: Mandibuzz","|-damage|p1a: Mandibuzz|328\/424","|-damage|p2a: Corviknight|218\/400|[from] Recoil","|","|upkeep","|turn|5","|j| Dunsparcio","|","|move|p1a: Mandibuzz|Knock Off|p2a: Corviknight","|-damage|p2a: Corviknight|157\/400","|-damage|p1a: Mandibuzz|258\/424|[from] item: Rocky Helmet|[of] p2a: Corviknight","|-enditem|p2a: Corviknight|Rocky Helmet|[from] move: Knock Off|[of] p1a: Mandibuzz","|move|p2a: Corviknight|Roost|p2a: Corviknight","|-heal|p2a: Corviknight|357\/400","|-singleturn|p2a: Corviknight|move: Roost","|","|upkeep","|turn|6","|l| Dunsparcio","|","|switch|p2a: Toxapex|Toxapex, F|304\/304","|move|p1a: Mandibuzz|Knock Off|p2a: Toxapex","|-damage|p2a: Toxapex|262\/304","|-enditem|p2a: Toxapex|Black Sludge|[from] move: Knock Off|[of] p1a: Mandibuzz","|","|upkeep","|turn|7","|","|switch|p1a: Morpeko|Morpeko, M|257\/257","|move|p2a: Toxapex|Toxic|p1a: Morpeko","|-status|p1a: Morpeko|tox","|","|-damage|p1a: Morpeko|241\/257 tox|[from] psn","|-formechange|p1a: Morpeko|Morpeko-Hangry||[from] ability: Hunger Switch","|upkeep","|turn|8","|","|move|p1a: Morpeko|Aura Wheel|p2a: Toxapex","|-damage|p2a: Toxapex|132\/304","|-boost|p1a: Morpeko|spe|1","|move|p2a: Toxapex|Scald|p1a: Morpeko","|-damage|p1a: Morpeko|160\/257 tox","|","|-damage|p1a: Morpeko|128\/257 tox|[from] psn","|-formechange|p1a: Morpeko|Morpeko||[from] ability: Hunger Switch","|upkeep","|turn|9","|","|switch|p1a: Sylveon|Sylveon, F|394\/394","|switch|p2a: Flygon|Flygon, M|301\/301","|","|upkeep","|turn|10","|","|switch|p2a: Toxapex|Toxapex, F|233\/304","|move|p1a: Sylveon|Hyper Voice|p2a: Toxapex","|-resisted|p2a: Toxapex","|-damage|p2a: Toxapex|174\/304","|","|upkeep","|turn|11","|","|switch|p2a: Tyranitar|Tyranitar, F|355\/355","|-weather|Sandstorm|[from] ability: Sand Stream|[of] p2a: Tyranitar","|move|p1a: Sylveon|Wish|p1a: Sylveon","|","|-weather|Sandstorm|[upkeep]","|-damage|p1a: Sylveon|370\/394|[from] Sandstorm","|-heal|p1a: Sylveon|394\/394|[from] item: Leftovers","|upkeep","|turn|12","|","|move|p2a: Tyranitar|Dragon Dance|p2a: Tyranitar","|-boost|p2a: Tyranitar|atk|1","|-boost|p2a: Tyranitar|spe|1","|move|p1a: Sylveon|Hyper Voice|p2a: Tyranitar","|-supereffective|p2a: Tyranitar","|-damage|p2a: Tyranitar|149\/355","|-enditem|p2a: Tyranitar|Weakness Policy","|-boost|p2a: Tyranitar|atk|2","|-boost|p2a: Tyranitar|spa|2","|","|-weather|Sandstorm|[upkeep]","|-damage|p1a: Sylveon|370\/394|[from] Sandstorm","|-heal|p1a: Sylveon|394\/394|[from] move: Wish|[wisher] Sylveon","|upkeep","|turn|13","|","|switch|p1a: Mandibuzz|Mandibuzz, F|258\/424","|move|p2a: Tyranitar|Stone Edge|p1a: Mandibuzz|[miss]","|-miss|p2a: Tyranitar|p1a: Mandibuzz","|","|-weather|Sandstorm|[upkeep]","|-damage|p1a: Mandibuzz|232\/424|[from] Sandstorm","|upkeep","|turn|14","|","|move|p2a: Tyranitar|Stone Edge|p1a: Mandibuzz","|-supereffective|p1a: Mandibuzz","|-damage|p1a: Mandibuzz|0 fnt","|faint|p1a: Mandibuzz","|","|-weather|Sandstorm|[upkeep]","|upkeep","|","|switch|p1a: Conkeldurr|Conkeldurr, F|146\/414 brn","|turn|15","|","|switch|p2a: Toxapex|Toxapex, F|275\/304","|move|p1a: Conkeldurr|Mach Punch|p2a: Toxapex","|-resisted|p2a: Toxapex","|-damage|p2a: Toxapex|239\/304","|","|-weather|none","|-damage|p1a: Conkeldurr|121\/414 brn|[from] brn","|upkeep","|turn|16","|","|switch|p1a: Sylveon|Sylveon, F|394\/394","|switch|p2a: Corviknight|Corviknight, M|357\/400","|","|upkeep","|turn|17","|","|switch|p2a: Darmanitan|Darmanitan-Galar, F|351\/351","|move|p1a: Sylveon|Wish|p1a: Sylveon","|","|upkeep","|turn|18","|","|move|p1a: Sylveon|Protect|p1a: Sylveon","|-singleturn|p1a: Sylveon|Protect","|move|p2a: Darmanitan|Icicle Crash|p1a: Sylveon","|-activate|p1a: Sylveon|move: Protect","|","|upkeep","|turn|19","|","|move|p2a: Darmanitan|Icicle Crash|p1a: Sylveon","|-damage|p1a: Sylveon|37\/394","|move|p1a: Sylveon|Mystical Fire|p2a: Darmanitan","|-supereffective|p2a: Darmanitan","|-damage|p2a: Darmanitan|125\/351","|-unboost|p2a: Darmanitan|spa|1","|","|-heal|p1a: Sylveon|61\/394|[from] item: Leftovers","|upkeep","|turn|20","|","|move|p1a: Sylveon|Protect|p1a: Sylveon","|-singleturn|p1a: Sylveon|Protect","|move|p2a: Darmanitan|Icicle Crash|p1a: Sylveon","|-activate|p1a: Sylveon|move: Protect","|","|-heal|p1a: Sylveon|85\/394|[from] item: Leftovers","|upkeep","|turn|21","|","|move|p2a: Darmanitan|Icicle Crash|p1a: Sylveon|[miss]","|-miss|p2a: Darmanitan|p1a: Sylveon","|move|p1a: Sylveon|Mystical Fire|p2a: Darmanitan","|-supereffective|p2a: Darmanitan","|-damage|p2a: Darmanitan|0 fnt","|faint|p2a: Darmanitan","|","|-heal|p1a: Sylveon|109\/394|[from] item: Leftovers","|upkeep","|","|switch|p2a: Dragapult|Dragapult, F|317\/317","|turn|22","|","|move|p2a: Dragapult|Dragon Dance|p2a: Dragapult","|-boost|p2a: Dragapult|atk|1","|-boost|p2a: Dragapult|spe|1","|move|p1a: Sylveon|Wish|p1a: Sylveon","|","|-heal|p1a: Sylveon|133\/394|[from] item: Leftovers","|upkeep","|turn|23","|","|move|p2a: Dragapult|Steel Wing|p1a: Sylveon","|-supereffective|p1a: Sylveon","|-damage|p1a: Sylveon|0 fnt","|faint|p1a: Sylveon","|","|upkeep","|","|switch|p1a: Hydreigon|Hydreigon, F|325\/325","|turn|24","|","|move|p2a: Dragapult|Dragon Darts|p1a: Hydreigon","|-supereffective|p1a: Hydreigon","|-damage|p1a: Hydreigon|43\/325","|-supereffective|p1a: Hydreigon","|-damage|p1a: Hydreigon|0 fnt","|-hitcount|p1a: Hydreigon|2","|faint|p1a: Hydreigon","|","|upkeep","|-message|7920 forfeited.","|","|win|47225","|l|\u26067920","|raw|7920's rating: 1342 &rarr; <strong>1323<\/strong><br \/>(-19 for losing)","|raw|47225's rating: 1355 &rarr; <strong>1375<\/strong><br \/>(+20 for winning)",""],"p1":"7920","p1rating":1319,"p1team":[{"ability":"gorillatactics","evs":{"atk":252,"def":0,"hp":0,"spa":0,"spd":4,"spe":252},"happiness":160,"item":"choicescarf","ivs":{"atk":31,"def":31,"hp":31,"spa":31,"spd":31,"spe":31},"level":100,"moves":["earthquake","flareblitz","iciclecrash","uturn"],"name":"Darmanitan","nature":"Adamant","species":"darmanitangalar"},{"ability":"guts","evs":{"atk":252,"def":0,"hp":252,"spa":0,"spd":4,"spe":0},"happiness":160,"item":"flameorb","ivs":{"atk":31,"def":31,"hp":31,"spa":31,"spd":31,"spe":31},"level":100,"moves":["drainpunch","poisonjab","machpunch","earthquake"],"name":"Conkeldurr","nature":"Adamant","species":"Conkeldurr"},{"ability":"bigpecks","evs":{"atk":4,"def":212,"hp":252,"spa":0,"spd":40,"spe":0},"gender":"F","happiness":160,"item":"heavydutyboots","ivs":{"atk":31,"def":31,"hp":31,"spa":31,"spd":31,"spe":31},"level":100,"moves":["roost","defog","knockoff","toxic"],"name":"Mandibuzz","nature":"Impish","species":"Mandibuzz"},{"ability":"levitate","evs":{"atk":0,"def":0,"hp":0,"spa":252,"spd":4,"spe":252},"happiness":160,"item":"choicescarf","ivs":{"atk":31,"def":31,"hp":31,"spa":31,"spd":31,"spe":31},"level":100,"moves":["darkpulse","uturn","fireblast","dracometeor"],"name":"Hydreigon","nature":"Timid","species":"Hydreigon"},{"ability":"hungerswitch","evs":{"atk":252,"def":0,"hp":0,"spa":0,"spd":4,"spe":252},"happiness":160,"item":"choiceband","ivs":{"atk":31,"def":31,"hp":31,"spa":31,"spd":31,"spe":31},"level":100,"moves":["aurawheel","brickbreak","stompingtantrum","seedbomb"],"name":"Morpeko","nature":"Jolly","species":"Morpeko"},{"ability":"pixilate","evs":{"atk":0,"def":0,"hp":252,"spa":32,"spd":224,"spe":0},"happiness":160,"item":"leftovers","ivs":{"atk":0,"def":31,"hp":31,"spa":31,"spd":31,"spe":31},"level":100,"moves":["hypervoice","mysticalfire","wish","protect"],"name":"Sylveon","nature":"Modest","species":"Sylveon"}],"p2":"47225","p2rating":1335,"p2team":[{"ability":"regenerator","evs":{"atk":0,"def":252,"hp":252,"spa":0,"spd":4,"spe":0},"happiness":160,"item":"blacksludge","ivs":{"atk":0,"def":31,"hp":31,"spa":31,"spd":31,"spe":31},"level":100,"moves":["haze","recover","scald","toxic"],"name":"Toxapex","nature":"Bold","species":"Toxapex"},{"ability":"levitate","evs":{"atk":4,"def":0,"hp":0,"spa":252,"spd":0,"spe":252},"happiness":160,"item":"lifeorb","ivs":{"atk":0,"def":31,"hp":31,"spa":31,"spd":31,"spe":31},"level":100,"moves":["gigadrain","flamethrower","earthpower","dracometeor"],"name":"Flygon","nature":"Modest","species":"Flygon"},{"ability":"gorillatactics","evs":{"atk":252,"def":4,"hp":0,"spa":0,"spd":0,"spe":252},"happiness":160,"item":"choicescarf","ivs":{"atk":31,"def":31,"hp":31,"spa":31,"spd":31,"spe":31},"level":100,"moves":["flareblitz","iciclecrash","earthquake","uturn"],"name":"Darmanitan","nature":"Jolly","species":"darmanitangalar"},{"ability":"clearbody","evs":{"atk":252,"def":0,"hp":0,"spa":4,"spd":0,"spe":252},"happiness":160,"item":"focussash","ivs":{"atk":31,"def":31,"hp":31,"spa":31,"spd":31,"spe":31},"level":100,"moves":["dragondance","steelwing","dragondarts","phantomforce"],"name":"Dragapult","nature":"Naughty","species":"Dragapult"},{"ability":"sandstream","evs":{"atk":200,"def":0,"hp":56,"spa":0,"spd":0,"spe":252},"happiness":160,"item":"weaknesspolicy","ivs":{"atk":31,"def":31,"hp":31,"spa":31,"spd":31,"spe":31},"level":100,"moves":["dragondance","stoneedge","firepunch","earthquake"],"name":"Tyranitar","nature":"Jolly","species":"Tyranitar"},{"ability":"mirrorarmor","evs":{"atk":4,"def":252,"hp":252,"spa":0,"spd":0,"spe":0},"happiness":160,"item":"rockyhelmet","ivs":{"atk":31,"def":31,"hp":31,"spa":31,"spd":31,"spe":31},"level":100,"moves":["defog","roost","bodypress","bravebird"],"name":"Corviknight","nature":"Impish","species":"Corviknight"}],"roomid":1019367,"score":[3,5],"seed":[27509,36514,50678,20977],"timestamp":"Sat Dec 28 2019 22:XX","turns":24,"winner":"47225","rated_battle":true,"average_rating":1327}