{"endType":"forfeit","format":"gen8ou","inputLog":[">version aa9f8c6b9cf4eca780a1296832ecd3b0009641e0",">version-origin 5e8529faaa5905c5f8e15eafaaefa806ee8c7d06",">start {\"formatid\":\"gen8ou\",\"seed\":[6614,40682,55262,34997],\"rated\":\"Rated battle\"}",">player p1 {\"\"name\":\"34\",\"rating\":1409}",">player p2 {\"\"name\":\"29164\",\"rating\":1435}",">p1 team 4, 2, 3, 1, 5, 6",">p2 team 2, 1, 3, 4, 5, 6",">p1 switch 3",">p2 move fireblast",">p1 move uturn",">p2 switch 2",">p1 switch 6",">p1 move drainpunch",">p2 switch 5",">p1 move closecombat",">p2 move uturn",">p2 switch 2",">p1 switch 5",">p2 move psychic",">p1 move wish",">p2 switch 3",">p1 move moonblast",">p2 move drainingkiss",">p1 switch 3",">p2 switch 5",">p1 switch 5",">p2 move scald",">p1 move earthquake",">p2 switch 6",">p1 move machpunch",">p2 switch 3",">p1 switch 3",">p2 move fireblast",">p1 move protect",">p2 move fireblast",">p1 switch 4",">p2 move fireblast",">p1 move scald",">p2 switch 5",">p1 switch 4",">p2 move calmmind",">p1 move wish",">p2 move drainingkiss",">p1 move moonblast",">p2 move calmmind",">p1 switch 5",">p2 move mysticalfire",">p1 move ironhead",">p2 switch 3",">p1 move roost",">p2 move ironhead",">p1 move uturn",">p2 switch 5",">p1 switch 5",">p1 move protect",">p2 switch 6",">p1 move wish",">p2 move toxic",">p1 switch 3",">p2 move scald",">p1 move earthquake",">p2 switch 5",">p2 switch 4",">p1 move machpunch",">p2 move earthquake",">p1 move machpunch",">p2 move suckerpunch",">p2 switch 6",">p1 switch 3",">p2 move shadowball",">p1 move wish",">p2 move shadowball",">p1 move protect",">p2 switch 3",">p1 move moonblast",">p2 move drainingkiss"],"log":["|j|\u260634","|j|\u260629164","|player|p1|34|102|1409","|player|p2|29164|163|1435","|teamsize|p1|6","|teamsize|p2|6","|gametype|singles","|gen|8","|tier|[Gen 8] OU","|rated|","|rule|Sleep Clause Mod: Limit one foe put to sleep","|rule|Species Clause: Limit one of each Pok\u00e9mon","|rule|OHKO Clause: OHKO moves are banned","|rule|Evasion Moves Clause: Evasion moves are banned","|rule|Endless Battle Clause: Forcing endless battles is banned","|rule|HP Percentage Mod: HP is shown in percentages","|clearpoke","|poke|p1|Toxapex, M|","|poke|p1|Rotom-Heat|","|poke|p1|Hydreigon, M|","|poke|p1|Corviknight, M|","|poke|p1|Clefable, M|","|poke|p1|Conkeldurr, F|","|poke|p2|Toxapex, F|","|poke|p2|Chandelure, M|","|poke|p2|Hatterene, F|","|poke|p2|Dugtrio, M|","|poke|p2|Corviknight, M|","|poke|p2|Ditto|","|rule|Dynamax Clause: You cannot dynamax","|teampreview","|","|start","|switch|p1a: Corviknight|Corviknight, M|400\/400","|switch|p2a: Chandelure|Chandelure, M|261\/261","|-ability|p1a: Corviknight|Pressure","|turn|1","|","|switch|p1a: Hydreigon|Hydreigon, M|326\/326","|move|p2a: Chandelure|Fire Blast|p1a: Hydreigon","|-resisted|p1a: Hydreigon","|-damage|p1a: Hydreigon|161\/326","|","|upkeep","|turn|2","|","|switch|p2a: Toxapex|Toxapex, F|304\/304","|move|p1a: Hydreigon|U-turn|p2a: Toxapex","|-resisted|p2a: Toxapex","|-damage|p2a: Toxapex|290\/304","|","|switch|p1a: Conkeldurr|Conkeldurr, F|351\/351","|","|-heal|p2a: Toxapex|304\/304|[from] item: Black Sludge","|-status|p1a: Conkeldurr|brn|[from] item: Flame Orb","|upkeep","|turn|3","|","|switch|p2a: Corviknight|Corviknight, M|400\/400","|-ability|p2a: Corviknight|Pressure","|move|p1a: Conkeldurr|Drain Punch|p2a: Corviknight","|-damage|p2a: Corviknight|231\/400","|","|-heal|p2a: Corviknight|256\/400|[from] item: Leftovers","|-damage|p1a: Conkeldurr|330\/351 brn|[from] brn","|upkeep","|turn|4","|","|move|p1a: Conkeldurr|Close Combat|p2a: Corviknight","|-damage|p2a: Corviknight|0 fnt","|-unboost|p1a: Conkeldurr|def|1","|-unboost|p1a: Conkeldurr|spd|1","|faint|p2a: Corviknight","|","|-damage|p1a: Conkeldurr|309\/351 brn|[from] brn","|upkeep","|","|switch|p2a: Chandelure|Chandelure, M|261\/261","|turn|5","|","|switch|p1a: Clefable|Clefable, M|394\/394","|move|p2a: Chandelure|Psychic|p1a: Clefable","|-crit|p1a: Clefable","|-damage|p1a: Clefable|202\/394","|","|-heal|p1a: Clefable|226\/394|[from] item: Leftovers","|upkeep","|turn|6","|","|switch|p2a: Hatterene|Hatterene, F|318\/318","|move|p1a: Clefable|Wish|p1a: Clefable","|","|-heal|p1a: Clefable|250\/394|[from] item: Leftovers","|upkeep","|turn|7","|","|move|p1a: Clefable|Moonblast|p2a: Hatterene","|-crit|p2a: Hatterene","|-damage|p2a: Hatterene|165\/318","|move|p2a: Hatterene|Draining Kiss|p1a: Clefable","|-damage|p1a: Clefable|168\/394","|-heal|p2a: Hatterene|227\/318|[from] drain|[of] p1a: Clefable","|","|-heal|p1a: Clefable|365\/394|[from] move: Wish|[wisher] Clefable","|-heal|p1a: Clefable|389\/394|[from] item: Leftovers","|-heal|p2a: Hatterene|246\/318|[from] item: Leftovers","|upkeep","|turn|8","|","|switch|p1a: Corviknight|Corviknight, M|400\/400","|-ability|p1a: Corviknight|Pressure","|switch|p2a: Toxapex|Toxapex, F|304\/304","|","|upkeep","|turn|9","|","|switch|p1a: Conkeldurr|Conkeldurr, F|309\/351 brn","|move|p2a: Toxapex|Scald|p1a: Conkeldurr","|-damage|p1a: Conkeldurr|222\/351 brn","|","|-damage|p1a: Conkeldurr|201\/351 brn|[from] brn","|upkeep","|turn|10","|","|switch|p2a: Ditto|Ditto|299\/299","|-transform|p2a: Ditto|p1a: Conkeldurr|[from] ability: Imposter","|move|p1a: Conkeldurr|Earthquake|p2a: Ditto","|-damage|p2a: Ditto|66\/299","|","|-damage|p1a: Conkeldurr|180\/351 brn|[from] brn","|upkeep","|turn|11","|","|switch|p2a: Chandelure|Chandelure, M|261\/261","|move|p1a: Conkeldurr|Mach Punch|p2a: Chandelure","|-immune|p2a: Chandelure","|","|-damage|p1a: Conkeldurr|159\/351 brn|[from] brn","|upkeep","|turn|12","|","|switch|p1a: Clefable|Clefable, M|389\/394","|move|p2a: Chandelure|Fire Blast|p1a: Clefable","|-damage|p1a: Clefable|163\/394","|","|-heal|p1a: Clefable|187\/394|[from] item: Leftovers","|upkeep","|turn|13","|","|move|p1a: Clefable|Protect|p1a: Clefable","|-singleturn|p1a: Clefable|Protect","|move|p2a: Chandelure|Fire Blast|p1a: Clefable","|-activate|p1a: Clefable|move: Protect","|","|-heal|p1a: Clefable|211\/394|[from] item: Leftovers","|upkeep","|turn|14","|","|switch|p1a: Toxapex|Toxapex, M|304\/304","|move|p2a: Chandelure|Fire Blast|p1a: Toxapex|[miss]","|-miss|p2a: Chandelure|p1a: Toxapex","|","|upkeep","|turn|15","|","|switch|p2a: Hatterene|Hatterene, F|246\/318","|move|p1a: Toxapex|Scald|p2a: Hatterene","|-damage|p2a: Hatterene|186\/318","|-status|p2a: Hatterene|brn","|","|-heal|p2a: Hatterene|205\/318 brn|[from] item: Leftovers","|-damage|p2a: Hatterene|186\/318 brn|[from] brn","|upkeep","|turn|16","|","|switch|p1a: Clefable|Clefable, M|211\/394","|move|p2a: Hatterene|Calm Mind|p2a: Hatterene","|-boost|p2a: Hatterene|spa|1","|-boost|p2a: Hatterene|spd|1","|","|-heal|p1a: Clefable|235\/394|[from] item: Leftovers","|-heal|p2a: Hatterene|205\/318 brn|[from] item: Leftovers","|-damage|p2a: Hatterene|186\/318 brn|[from] brn","|upkeep","|turn|17","|","|move|p1a: Clefable|Wish|p1a: Clefable","|move|p2a: Hatterene|Draining Kiss|p1a: Clefable","|-damage|p1a: Clefable|123\/394","|-heal|p2a: Hatterene|270\/318 brn|[from] drain|[of] p1a: Clefable","|","|-heal|p1a: Clefable|147\/394|[from] item: Leftovers","|-heal|p2a: Hatterene|289\/318 brn|[from] item: Leftovers","|-damage|p2a: Hatterene|270\/318 brn|[from] brn","|upkeep","|turn|18","|","|move|p1a: Clefable|Moonblast|p2a: Hatterene","|-damage|p2a: Hatterene|195\/318 brn","|move|p2a: Hatterene|Calm Mind|p2a: Hatterene","|-boost|p2a: Hatterene|spa|1","|-boost|p2a: Hatterene|spd|1","|","|-heal|p1a: Clefable|344\/394|[from] move: Wish|[wisher] Clefable","|-heal|p1a: Clefable|368\/394|[from] item: Leftovers","|-heal|p2a: Hatterene|214\/318 brn|[from] item: Leftovers","|-damage|p2a: Hatterene|195\/318 brn|[from] brn","|upkeep","|turn|19","|","|switch|p1a: Corviknight|Corviknight, M|400\/400","|-ability|p1a: Corviknight|Pressure","|move|p2a: Hatterene|Mystical Fire|p1a: Corviknight","|-supereffective|p1a: Corviknight","|-damage|p1a: Corviknight|78\/400","|-unboost|p1a: Corviknight|spa|1","|","|-heal|p1a: Corviknight|103\/400|[from] item: Leftovers","|-heal|p2a: Hatterene|214\/318 brn|[from] item: Leftovers","|-damage|p2a: Hatterene|195\/318 brn|[from] brn","|upkeep","|turn|20","|","|switch|p2a: Ditto|Ditto|66\/299","|-transform|p2a: Ditto|p1a: Corviknight|[from] ability: Imposter","|-ability|p2a: Ditto|Pressure","|move|p1a: Corviknight|Iron Head|p2a: Ditto","|-resisted|p2a: Ditto","|-damage|p2a: Ditto|27\/299","|","|-heal|p1a: Corviknight|128\/400|[from] item: Leftovers","|upkeep","|turn|21","|","|move|p2a: Ditto|Iron Head|p1a: Corviknight","|-resisted|p1a: Corviknight","|-damage|p1a: Corviknight|93\/400","|move|p1a: Corviknight|Roost|p1a: Corviknight","|-heal|p1a: Corviknight|293\/400","|-singleturn|p1a: Corviknight|move: Roost","|","|-heal|p1a: Corviknight|318\/400|[from] item: Leftovers","|upkeep","|turn|22","|","|switch|p2a: Chandelure|Chandelure, M|261\/261","|move|p1a: Corviknight|U-turn|p2a: Chandelure","|-resisted|p2a: Chandelure","|-damage|p2a: Chandelure|248\/261","|","|switch|p1a: Clefable|Clefable, M|368\/394","|","|-heal|p1a: Clefable|392\/394|[from] item: Leftovers","|upkeep","|turn|23","|","|switch|p2a: Toxapex|Toxapex, F|304\/304","|move|p1a: Clefable|Protect||[still]","|-fail|p1a: Clefable","|","|-heal|p1a: Clefable|394\/394|[from] item: Leftovers","|upkeep","|turn|24","|","|move|p1a: Clefable|Wish|p1a: Clefable","|move|p2a: Toxapex|Toxic|p1a: Clefable","|-status|p1a: Clefable|tox","|","|upkeep","|turn|25","|","|switch|p1a: Conkeldurr|Conkeldurr, F|159\/351 brn","|move|p2a: Toxapex|Scald|p1a: Conkeldurr","|-damage|p1a: Conkeldurr|83\/351 brn","|","|-heal|p1a: Conkeldurr|280\/351 brn|[from] move: Wish|[wisher] Clefable","|-damage|p1a: Conkeldurr|259\/351 brn|[from] brn","|upkeep","|turn|26","|","|switch|p2a: Ditto|Ditto|27\/299","|-transform|p2a: Ditto|p1a: Conkeldurr|[from] ability: Imposter","|move|p1a: Conkeldurr|Earthquake|p2a: Ditto","|-damage|p2a: Ditto|0 fnt","|faint|p2a: Ditto","|","|-damage|p1a: Conkeldurr|238\/351 brn|[from] brn","|upkeep","|","|switch|p2a: Dugtrio|Dugtrio, M|211\/211","|turn|27","|","|move|p1a: Conkeldurr|Mach Punch|p2a: Dugtrio","|-crit|p2a: Dugtrio","|-enditem|p2a: Dugtrio|Focus Sash","|-damage|p2a: Dugtrio|1\/211","|move|p2a: Dugtrio|Earthquake|p1a: Conkeldurr","|-damage|p1a: Conkeldurr|91\/351 brn","|","|-damage|p1a: Conkeldurr|70\/351 brn|[from] brn","|upkeep","|turn|28","|","|move|p2a: Dugtrio|Sucker Punch|p1a: Conkeldurr","|-resisted|p1a: Conkeldurr","|-damage|p1a: Conkeldurr|34\/351 brn","|move|p1a: Conkeldurr|Mach Punch|p2a: Dugtrio","|-damage|p2a: Dugtrio|0 fnt","|faint|p2a: Dugtrio","|","|-damage|p1a: Conkeldurr|13\/351 brn|[from] brn","|upkeep","|","|switch|p2a: Chandelure|Chandelure, M|248\/261","|turn|29","|","|switch|p1a: Clefable|Clefable, M|394\/394 tox","|move|p2a: Chandelure|Shadow Ball|p1a: Clefable","|-damage|p1a: Clefable|216\/394 tox","|","|-heal|p1a: Clefable|240\/394 tox|[from] item: Leftovers","|upkeep","|turn|30","|","|move|p2a: Chandelure|Shadow Ball|p1a: Clefable","|-damage|p1a: Clefable|65\/394 tox","|move|p1a: Clefable|Wish|p1a: Clefable","|","|-heal|p1a: Clefable|89\/394 tox|[from] item: Leftovers","|upkeep","|turn|31","|","|switch|p2a: Hatterene|Hatterene, F|195\/318 brn","|move|p1a: Clefable|Protect||[still]","|-fail|p1a: Clefable","|","|-heal|p1a: Clefable|286\/394 tox|[from] move: Wish|[wisher] Clefable","|-heal|p1a: Clefable|310\/394 tox|[from] item: Leftovers","|-heal|p2a: Hatterene|214\/318 brn|[from] item: Leftovers","|-damage|p2a: Hatterene|195\/318 brn|[from] brn","|upkeep","|turn|32","|","|move|p1a: Clefable|Moonblast|p2a: Hatterene","|-damage|p2a: Hatterene|86\/318 brn","|move|p2a: Hatterene|Draining Kiss|p1a: Clefable","|-damage|p1a: Clefable|234\/394 tox","|-heal|p2a: Hatterene|143\/318 brn|[from] drain|[of] p1a: Clefable","|","|-heal|p1a: Clefable|258\/394 tox|[from] item: Leftovers","|-heal|p2a: Hatterene|162\/318 brn|[from] item: Leftovers","|-damage|p2a: Hatterene|143\/318 brn|[from] brn","|upkeep","|turn|33","|-message|29164 forfeited.","|","|win|34","|l|\u260629164","|raw|34's rating: 1409 &rarr; <strong>1431<\/strong><br \/>(+22 for winning)","|raw|29164's rating: 1435 &rarr; <strong>1414<\/strong><br \/>(-21 for losing)",""],"p1":"34","p1rating":1409,"p1team":[{"ability":"regenerator","evs":{"atk":0,"def":252,"hp":252,"spa":0,"spd":4,"spe":0},"happiness":160,"item":"blacksludge","ivs":{"atk":0,"def":31,"hp":31,"spa":31,"spd":31,"spe":31},"level":100,"moves":["scald","recover","banefulbunker","haze"],"name":"Toxapex","nature":"Bold","species":"Toxapex"},{"ability":"levitate","evs":{"atk":0,"def":16,"hp":252,"spa":0,"spd":24,"spe":216},"gender":"N","happiness":160,"item":"choicescarf","ivs":{"atk":0,"def":31,"hp":31,"spa":31,"spd":31,"spe":31},"level":100,"moves":["trick","voltswitch","nastyplot","overheat"],"name":"Rotom","nature":"Timid","species":"rotomheat"},{"ability":"levitate","evs":{"atk":0,"def":0,"hp":4,"spa":252,"spd":0,"spe":252},"happiness":160,"item":"choicescarf","ivs":{"atk":31,"def":31,"hp":31,"spa":31,"spd":31,"spe":31},"level":100,"moves":["dracometeor","fireblast","uturn","darkpulse"],"name":"Hydreigon","nature":"Timid","species":"Hydreigon"},{"ability":"pressure","evs":{"atk":0,"def":48,"hp":252,"spa":0,"spd":208,"spe":0},"happiness":160,"item":"leftovers","ivs":{"atk":31,"def":31,"hp":31,"spa":31,"spd":31,"spe":31},"level":100,"moves":["ironhead","uturn","defog","roost"],"name":"Corviknight","nature":"Careful","species":"Corviknight"},{"ability":"magicguard","evs":{"atk":0,"def":4,"hp":252,"spa":0,"spd":252,"spe":0},"happiness":160,"item":"leftovers","ivs":{"atk":0,"def":31,"hp":31,"spa":31,"spd":31,"spe":31},"level":100,"moves":["wish","protect","moonblast","stealthrock"],"name":"Clefable","nature":"Calm","species":"Clefable"},{"ability":"guts","evs":{"atk":252,"def":0,"hp":0,"spa":0,"spd":4,"spe":252},"happiness":160,"item":"flameorb","ivs":{"atk":31,"def":31,"hp":31,"spa":31,"spd":31,"spe":31},"level":100,"moves":["closecombat","drainpunch","machpunch","earthquake"],"name":"Conkeldurr","nature":"Adamant","species":"Conkeldurr"}],"p2":"29164","p2rating":1435,"p2team":[{"ability":"regenerator","evs":{"atk":0,"def":252,"hp":252,"spa":0,"spd":4,"spe":0},"gender":"F","happiness":160,"item":"blacksludge","ivs":{"atk":0,"def":31,"hp":31,"spa":31,"spd":31,"spe":31},"level":100,"moves":["haze","scald","recover","toxic"],"name":"Toxapex","nature":"Bold","species":"Toxapex"},{"ability":"flashfire","evs":{"atk":0,"def":0,"hp":0,"spa":252,"spd":4,"spe":252},"gender":"M","happiness":160,"item":"choicespecs","ivs":{"atk":0,"def":31,"hp":31,"spa":31,"spd":31,"spe":31},"level":100,"moves":["fireblast","energyball","shadowball","psychic"],"name":"Chandelure","nature":"Timid","species":"Chandelure"},{"ability":"magicbounce","evs":{"atk":0,"def":0,"hp":252,"spa":252,"spd":4,"spe":0},"gender":"F","happiness":160,"item":"leftovers","ivs":{"atk":0,"def":31,"hp":31,"spa":31,"spd":31,"spe":31},"level":100,"moves":["mysticalfire","calmmind","psyshock","drainingkiss"],"name":"Hatterene","nature":"Modest","species":"Hatterene"},{"ability":"arenatrap","evs":{"atk":252,"def":0,"hp":0,"spa":0,"spd":4,"spe":252},"gender":"M","happiness":160,"item":"focussash","ivs":{"atk":31,"def":31,"hp":31,"spa":31,"spd":31,"spe":31},"level":100,"moves":["earthquake","suckerpunch","stealthrock","stoneedge"],"name":"Dugtrio","nature":"Jolly","species":"Dugtrio"},{"ability":"pressure","evs":{"atk":4,"def":252,"hp":252,"spa":0,"spd":0,"spe":0},"gender":"M","happiness":160,"item":"leftovers","ivs":{"atk":31,"def":31,"hp":31,"spa":31,"spd":31,"spe":31},"level":100,"moves":["roost","uturn","ironhead","defog"],"name":"Corviknight","nature":"Impish","species":"Corviknight"},{"ability":"imposter","evs":{"atk":8,"def":252,"hp":248,"spa":0,"spd":0,"spe":0},"gender":"N","happiness":160,"item":"choicescarf","ivs":{"atk":0,"def":31,"hp":31,"spa":31,"spd":31,"spe":31},"level":100,"moves":["transform"],"name":"Ditto","nature":"Impish","species":"Ditto"}],"roomid":101986,"score":[6,3],"seed":[6614,40682,55262,34997],"timestamp":"Mon Dec 30 2019 09:XX","turns":33,"winner":"34","rated_battle":true,"average_rating":1422}