{"endType":"forfeit","format":"gen8ou","inputLog":[">version aa9f8c6b9cf4eca780a1296832ecd3b0009641e0",">version-origin 5e8529faaa5905c5f8e15eafaaefa806ee8c7d06",">start {\"formatid\":\"gen8ou\",\"seed\":[21807,25348,54041,36127],\"rated\":\"Rated battle\"}",">player p1 {\"\"name\":\"35959\",\"rating\":1317}",">player p2 {\"\"name\":\"48534\",\"rating\":1388}",">p1 team 1, 2, 3, 4, 5, 6",">p2 team 6, 2, 3, 4, 5, 1",">p1 switch 6",">p2 move moonblast",">p1 move ironhead",">p2 move flamethrower",">p2 switch 4",">p1 switch 5",">p2 move substitute",">p1 move waterfall",">p2 move bellydrum",">p1 switch 5",">p2 move iciclecrash",">p1 switch 4",">p1 move aquajet",">p2 switch 2",">p1 switch 3",">p2 move stealthrock",">p1 move stealthrock",">p2 switch 6",">p1 move leechseed",">p2 move bulkup",">p1 switch 6",">p2 move bulkup",">p1 move scald",">p2 move darkestlariat",">p1 switch 6",">p2 move darkestlariat"],"log":["|j|\u260635959","|j|\u260648534","|player|p1|35959|124|1317","|player|p2|48534|steven|1388","|teamsize|p1|6","|teamsize|p2|6","|gametype|singles","|gen|8","|tier|[Gen 8] OU","|rated|","|rule|Sleep Clause Mod: Limit one foe put to sleep","|rule|Species Clause: Limit one of each Pok\u00e9mon","|rule|OHKO Clause: OHKO moves are banned","|rule|Evasion Moves Clause: Evasion moves are banned","|rule|Endless Battle Clause: Forcing endless battles is banned","|rule|HP Percentage Mod: HP is shown in percentages","|clearpoke","|poke|p1|Pelipper, F|","|poke|p1|Dracovish|","|poke|p1|Ferrothorn, M|","|poke|p1|Barraskewda, M|","|poke|p1|Gyarados, F|","|poke|p1|Excadrill, F|","|poke|p2|Grimmsnarl, M|","|poke|p2|Seismitoad, M|","|poke|p2|Mandibuzz, F|","|poke|p2|Darmanitan-Galar, M|","|poke|p2|Ditto|","|poke|p2|Clefable, F|","|rule|Dynamax Clause: You cannot dynamax","|teampreview","|","|start","|switch|p1a: Pelipper|Pelipper, F|324\/324","|switch|p2a: Clefable|Clefable, F|379\/379","|-weather|RainDance|[from] ability: Drizzle|[of] p1a: Pelipper","|turn|1","|","|switch|p1a: Excadrill|Excadrill, F|361\/361","|-ability|p1a: Excadrill|Mold Breaker","|move|p2a: Clefable|Moonblast|p1a: Excadrill","|-resisted|p1a: Excadrill","|-crit|p1a: Excadrill","|-damage|p1a: Excadrill|163\/361","|-unboost|p1a: Excadrill|spa|1","|","|-weather|RainDance|[upkeep]","|upkeep","|turn|2","|","|move|p1a: Excadrill|Iron Head|p2a: Clefable","|-supereffective|p2a: Clefable","|-damage|p2a: Clefable|0 fnt","|faint|p2a: Clefable","|","|-weather|RainDance|[upkeep]","|upkeep","|","|switch|p2a: Darmanitan|Darmanitan-Galar, M|352\/352","|turn|3","|","|switch|p1a: Gyarados|Gyarados, F|331\/331","|move|p2a: Darmanitan|Substitute|p2a: Darmanitan","|-start|p2a: Darmanitan|Substitute","|-damage|p2a: Darmanitan|264\/352","|","|-weather|RainDance|[upkeep]","|upkeep","|turn|4","|","|move|p2a: Darmanitan|Belly Drum|p2a: Darmanitan","|-damage|p2a: Darmanitan|88\/352","|-setboost|p2a: Darmanitan|atk|6|[from] move: Belly Drum","|-enditem|p2a: Darmanitan|Salac Berry|[eat]","|-boost|p2a: Darmanitan|spe|1","|move|p1a: Gyarados|Waterfall|p2a: Darmanitan","|-end|p2a: Darmanitan|Substitute","|","|-weather|RainDance|[upkeep]","|-formechange|p2a: Darmanitan|Darmanitan-Galar-Zen|","|upkeep","|turn|5","|","|switch|p1a: Excadrill|Excadrill, F|163\/361","|-ability|p1a: Excadrill|Mold Breaker","|move|p2a: Darmanitan|Icicle Crash|p1a: Excadrill","|-damage|p1a: Excadrill|0 fnt","|faint|p1a: Excadrill","|","|-weather|RainDance|[upkeep]","|upkeep","|","|switch|p1a: Barraskewda|Barraskewda, M|263\/263","|turn|6","|","|-formechange|p2a: Darmanitan|Darmanitan-Galar|[silent]|[from] ability: Zen Mode","|switch|p2a: Florida Man|Seismitoad, M|414\/414","|move|p1a: Barraskewda|Aqua Jet|p2a: Florida Man","|-immune|p2a: Florida Man|[from] ability: Water Absorb","|","|-weather|RainDance|[upkeep]","|upkeep","|turn|7","|","|switch|p1a: Ferrothorn|Ferrothorn, M|352\/352","|move|p2a: Florida Man|Stealth Rock|p1a: Ferrothorn","|-sidestart35959|move: Stealth Rock","|","|-weather|RainDance|[upkeep]","|upkeep","|turn|8","|","|switch|p2a: Thanatos|Grimmsnarl, M|380\/380","|move|p1a: Ferrothorn|Stealth Rock|p2a: Thanatos","|-sidestart48534|move: Stealth Rock","|","|-weather|none","|upkeep","|turn|9","|","|move|p2a: Thanatos|Bulk Up|p2a: Thanatos","|-boost|p2a: Thanatos|atk|1","|-boost|p2a: Thanatos|def|1","|move|p1a: Ferrothorn|Leech Seed|p2a: Thanatos","|-start|p2a: Thanatos|move: Leech Seed","|","|-damage|p2a: Thanatos|333\/380|[from] Leech Seed|[of] p1a: Ferrothorn","|upkeep","|turn|10","|","|switch|p1a: Pelipper|Pelipper, F|324\/324","|-damage|p1a: Pelipper|243\/324|[from] Stealth Rock","|-weather|RainDance|[from] ability: Drizzle|[of] p1a: Pelipper","|move|p2a: Thanatos|Bulk Up|p2a: Thanatos","|-boost|p2a: Thanatos|atk|1","|-boost|p2a: Thanatos|def|1","|","|-weather|RainDance|[upkeep]","|-damage|p2a: Thanatos|286\/380|[from] Leech Seed|[of] p1a: Pelipper","|-heal|p1a: Pelipper|290\/324|[silent]","|upkeep","|turn|11","|","|move|p2a: Thanatos|Darkest Lariat|p1a: Pelipper","|-damage|p1a: Pelipper|32\/324","|move|p1a: Pelipper|Scald|p2a: Thanatos","|-damage|p2a: Thanatos|126\/380","|-status|p2a: Thanatos|brn","|","|-weather|RainDance|[upkeep]","|-damage|p2a: Thanatos|79\/380 brn|[from] Leech Seed|[of] p1a: Pelipper","|-heal|p1a: Pelipper|79\/324|[silent]","|-damage|p2a: Thanatos|56\/380 brn|[from] brn","|upkeep","|turn|12","|","|switch|p1a: Ferrothorn|Ferrothorn, M|352\/352","|-damage|p1a: Ferrothorn|330\/352|[from] Stealth Rock","|move|p2a: Thanatos|Darkest Lariat|p1a: Ferrothorn","|-damage|p1a: Ferrothorn|224\/352","|-damage|p2a: Thanatos|9\/380 brn|[from] ability: Iron Barbs|[of] p1a: Ferrothorn","|","|-weather|RainDance|[upkeep]","|-heal|p1a: Ferrothorn|246\/352|[from] item: Leftovers","|-damage|p2a: Thanatos|0 fnt|[from] Leech Seed|[of] p1a: Ferrothorn","|-heal|p1a: Ferrothorn|255\/352|[silent]","|faint|p2a: Thanatos","|upkeep","|-message|48534 forfeited.","|","|win|35959","|l|\u260648534","|l|\u260635959","|raw|35959's rating: 1317 &rarr; <strong>1342<\/strong><br \/>(+25 for winning)","|raw|48534's rating: 1410 &rarr; <strong>1385<\/strong><br \/>(-25 for losing)",""],"p1":"35959","p1rating":1317,"p1team":[{"ability":"drizzle","evs":{"atk":0,"def":252,"hp":252,"spa":0,"spd":4,"spe":0},"happiness":160,"item":"damprock","ivs":{"atk":31,"def":31,"hp":31,"spa":31,"spd":31,"spe":31},"level":100,"moves":["scald","roost","uturn","hurricane"],"name":"Pelipper","nature":"Bold","species":"Pelipper"},{"ability":"strongjaw","evs":{"atk":252,"def":0,"hp":0,"spa":0,"spd":4,"spe":252},"gender":"N","happiness":160,"item":"choicescarf","ivs":{"atk":31,"def":31,"hp":31,"spa":31,"spd":31,"spe":31},"level":100,"moves":["fishiousrend","outrage","psychicfangs","crunch"],"name":"Dracovish","nature":"Adamant","species":"Dracovish"},{"ability":"ironbarbs","evs":{"atk":0,"def":252,"hp":252,"spa":0,"spd":4,"spe":0},"happiness":160,"item":"leftovers","ivs":{"atk":31,"def":31,"hp":31,"spa":31,"spd":31,"spe":31},"level":100,"moves":["leechseed","stealthrock","powerwhip","protect"],"name":"Ferrothorn","nature":"Impish","species":"Ferrothorn"},{"ability":"swiftswim","evs":{"atk":252,"def":4,"hp":0,"spa":0,"spd":0,"spe":252},"happiness":160,"item":"choiceband","ivs":{"atk":31,"def":31,"hp":31,"spa":31,"spd":31,"spe":31},"level":100,"moves":["liquidation","closecombat","psychicfangs","aquajet"],"name":"Barraskewda","nature":"Adamant","species":"Barraskewda"},{"ability":"moxie","evs":{"atk":252,"def":0,"hp":0,"spa":0,"spd":4,"spe":252},"happiness":160,"item":"leftovers","ivs":{"atk":31,"def":31,"hp":31,"spa":31,"spd":31,"spe":31},"level":100,"moves":["dragondance","waterfall","bounce","substitute"],"name":"Gyarados","nature":"Jolly","species":"Gyarados"},{"ability":"moldbreaker","evs":{"atk":252,"def":0,"hp":0,"spa":0,"spd":4,"spe":252},"happiness":160,"item":"focussash","ivs":{"atk":31,"def":31,"hp":31,"spa":31,"spd":31,"spe":31},"level":100,"moves":["earthquake","rapidspin","stealthrock","ironhead"],"name":"Excadrill","nature":"Adamant","species":"Excadrill"}],"p2":"48534","p2rating":1388,"p2team":[{"ability":"prankster","evs":{"atk":252,"def":0,"hp":196,"spa":0,"spd":0,"spe":60},"gender":"M","happiness":160,"item":"blackglasses","ivs":{"atk":31,"def":31,"hp":31,"spa":31,"spd":31,"spe":31},"level":100,"moves":["darkestlariat","suckerpunch","spiritbreak","bulkup"],"name":"Thanatos","nature":"Adamant","species":"grimmsnarl"},{"ability":"waterabsorb","evs":{"atk":0,"def":252,"hp":252,"spa":0,"spd":4,"spe":0},"gender":"M","happiness":160,"item":"leftovers","ivs":{"atk":0,"def":31,"hp":31,"spa":31,"spd":31,"spe":31},"level":100,"moves":["earthpower","protect","stealthrock","toxic"],"name":"Florida Man","nature":"Bold","species":"seismitoad"},{"ability":"overcoat","evs":{"atk":0,"def":4,"hp":252,"spa":0,"spd":252,"spe":0},"gender":"F","happiness":160,"item":"leftovers","ivs":{"atk":31,"def":31,"hp":31,"spa":31,"spd":31,"spe":31},"level":100,"moves":["defog","knockoff","roost","toxic"],"name":"Mandibuzz","nature":"Careful","species":"Mandibuzz"},{"ability":"zenmode","evs":{"atk":252,"def":0,"hp":4,"spa":0,"spd":0,"spe":252},"gender":"M","happiness":160,"item":"salacberry","ivs":{"atk":31,"def":31,"hp":31,"spa":31,"spd":31,"spe":31},"level":100,"moves":["iciclecrash","bellydrum","earthquake","substitute"],"name":"Darmanitan","nature":"Jolly","species":"darmanitangalar"},{"ability":"imposter","evs":{"atk":0,"def":252,"hp":252,"spa":0,"spd":4,"spe":0},"gender":"N","happiness":160,"item":"choicescarf","ivs":{"atk":0,"def":31,"hp":31,"spa":31,"spd":31,"spe":31},"level":100,"moves":["transform"],"name":"Ditto","nature":"Bold","species":"Ditto"},{"ability":"magicguard","evs":{"atk":0,"def":0,"hp":192,"spa":252,"spd":0,"spe":64},"gender":"F","happiness":160,"item":"lifeorb","ivs":{"atk":0,"def":31,"hp":31,"spa":31,"spd":31,"spe":31},"level":100,"moves":["moonblast","thunderbolt","flamethrower","moonlight"],"name":"Clefable","nature":"Modest","species":"Clefable"}],"roomid":1019920,"score":[5,4],"seed":[21807,25348,54041,36127],"timestamp":"Sat Dec 28 2019 20:XX","turns":12,"winner":"35959","rated_battle":true,"average_rating":1352}