{"endType":"forfeit","format":"gen8ou","inputLog":[">version aa9f8c6b9cf4eca780a1296832ecd3b0009641e0",">version-origin 5e8529faaa5905c5f8e15eafaaefa806ee8c7d06",">start {\"formatid\":\"gen8ou\",\"seed\":[47164,53289,5409,37896],\"rated\":\"Rated battle\"}",">player p1 {\"\"name\":\"1893\",\"rating\":1350}",">player p2 {\"\"name\":\"145704\",\"rating\":1333}",">p1 team 3, 2, 1, 4, 5, 6",">p2 team 3, 2, 1, 4, 5, 6",">p1 move shadowball",">p2 switch 2",">p1 move thunderbolt",">p2 move foulplay",">p1 move thunderbolt",">p2 switch 4",">p1 switch 2",">p2 switch 2",">p1 switch 4",">p2 move willowisp",">p1 move trick",">p2 move stealthrock",">p1 move memento",">p2 switch 4",">p1 switch 5",">p1 move swordsdance",">p2 move taunt",">p1 move playrough",">p2 switch 4",">p1 move shadowclaw",">p2 move willowisp",">p2 switch 6",">p1 move shadowclaw",">p2 move gigadrain",">p2 switch 2",">p1 move playrough",">p2 move flashcannon"],"log":["|j|\u26061893","|j|\u2606145704","|player|p1|1893|101|1350","|player|p2|145704|80|1333","|teamsize|p1|6","|teamsize|p2|6","|gametype|singles","|gen|8","|tier|[Gen 8] OU","|rated|","|rule|Sleep Clause Mod: Limit one foe put to sleep","|rule|Species Clause: Limit one of each Pok\u00e9mon","|rule|OHKO Clause: OHKO moves are banned","|rule|Evasion Moves Clause: Evasion moves are banned","|rule|Endless Battle Clause: Forcing endless battles is banned","|rule|HP Percentage Mod: HP is shown in percentages","|clearpoke","|poke|p1|Jellicent, F|","|poke|p1|Aegislash, M|","|poke|p1|Dragapult, F|","|poke|p1|Chandelure, F|","|poke|p1|Mimikyu, M|","|poke|p1|Polteageist|","|poke|p2|Cloyster, M|","|poke|p2|Mandibuzz, F|","|poke|p2|Runerigus, F|","|poke|p2|Duraludon, F|","|poke|p2|Solrock|","|poke|p2|Roserade, F|","|rule|Dynamax Clause: You cannot dynamax","|teampreview","|","|start","|switch|p1a: Dragapult|Dragapult, F|317\/317","|switch|p2a: Runerigus|Runerigus, F|320\/320","|turn|1","|","|switch|p2a: Mandibuzz|Mandibuzz, F|423\/423","|move|p1a: Dragapult|Shadow Ball|p2a: Mandibuzz","|-resisted|p2a: Mandibuzz","|-damage|p2a: Mandibuzz|359\/423","|","|-heal|p2a: Mandibuzz|385\/423|[from] item: Leftovers","|upkeep","|turn|2","|","|move|p1a: Dragapult|Thunderbolt|p2a: Mandibuzz","|-supereffective|p2a: Mandibuzz","|-damage|p2a: Mandibuzz|157\/423","|move|p2a: Mandibuzz|Foul Play|p1a: Dragapult","|-supereffective|p1a: Dragapult","|-damage|p1a: Dragapult|57\/317","|","|-heal|p2a: Mandibuzz|183\/423|[from] item: Leftovers","|upkeep","|turn|3","|","|switch|p2a: Duraludon|Duraludon, F|281\/281","|move|p1a: Dragapult|Thunderbolt|p2a: Duraludon","|-resisted|p2a: Duraludon","|-damage|p2a: Duraludon|225\/281","|-status|p2a: Duraludon|par","|","|upkeep","|turn|4","|","|switch|p1a: Aegislash|Aegislash, M|324\/324","|-item|p1a: Aegislash|Air Balloon","|switch|p2a: Runerigus|Runerigus, F|320\/320","|","|upkeep","|turn|5","|","|switch|p1a: Chandelure|Chandelure, F|261\/261","|move|p2a: Runerigus|Will-O-Wisp|p1a: Chandelure","|-immune|p1a: Chandelure","|","|upkeep","|turn|6","|","|move|p1a: Chandelure|Trick|p2a: Runerigus","|-activate|p1a: Chandelure|move: Trick|[of] p2a: Runerigus","|-item|p2a: Runerigus|Choice Scarf|[from] move: Trick","|-item|p1a: Chandelure|Leftovers|[from] move: Trick","|move|p2a: Runerigus|Stealth Rock|p1a: Chandelure","|-sidestart1893|move: Stealth Rock","|","|upkeep","|turn|7","|","|switch|p2a: Mandibuzz|Mandibuzz, F|183\/423","|move|p1a: Chandelure|Memento|p2a: Mandibuzz","|-unboost|p2a: Mandibuzz|atk|2","|-unboost|p2a: Mandibuzz|spa|2","|faint|p1a: Chandelure","|","|-heal|p2a: Mandibuzz|209\/423|[from] item: Leftovers","|upkeep","|","|switch|p1a: Mimikyu|Mimikyu, M|251\/251","|-damage|p1a: Mimikyu|220\/251|[from] Stealth Rock","|turn|8","|","|move|p1a: Mimikyu|Swords Dance|p1a: Mimikyu","|-boost|p1a: Mimikyu|atk|2","|move|p2a: Mandibuzz|Taunt|p1a: Mimikyu","|-start|p1a: Mimikyu|move: Taunt","|","|-heal|p2a: Mandibuzz|235\/423|[from] item: Leftovers","|upkeep","|turn|9","|","|switch|p2a: Runerigus|Runerigus, F|320\/320","|move|p1a: Mimikyu|Play Rough|p2a: Runerigus","|-damage|p2a: Runerigus|81\/320","|-damage|p1a: Mimikyu|195\/251|[from] item: Life Orb","|","|upkeep","|turn|10","|","|move|p1a: Mimikyu|Shadow Claw|p2a: Runerigus","|-supereffective|p2a: Runerigus","|-damage|p2a: Runerigus|0 fnt","|-damage|p1a: Mimikyu|170\/251|[from] item: Life Orb","|faint|p2a: Runerigus","|","|upkeep","|","|switch|p2a: Roserade|Roserade, F|261\/261","|turn|11","|","|move|p1a: Mimikyu|Shadow Claw|p2a: Roserade","|-damage|p2a: Roserade|0 fnt","|-damage|p1a: Mimikyu|145\/251|[from] item: Life Orb","|faint|p2a: Roserade","|","|-end|p1a: Mimikyu|move: Taunt","|upkeep","|","|switch|p2a: Duraludon|Duraludon, F|225\/281 par","|turn|12","|","|move|p1a: Mimikyu|Play Rough|p2a: Duraludon","|-damage|p2a: Duraludon|0 fnt","|-damage|p1a: Mimikyu|120\/251|[from] item: Life Orb","|faint|p2a: Duraludon","|","|upkeep","|-message|145704 forfeited.","|","|win|1893","|l|\u2606145704","|l|\u26061893","|raw|1893's rating: 1350 &rarr; <strong>1368<\/strong><br \/>(+18 for winning)","|raw|145704's rating: 1314 &rarr; <strong>1296<\/strong><br \/>(-18 for losing)",""],"p1":"1893","p1rating":1350,"p1team":[{"ability":"waterabsorb","evs":{"atk":0,"def":196,"hp":252,"spa":0,"spd":0,"spe":60},"happiness":160,"item":"leftovers","ivs":{"atk":31,"def":31,"hp":31,"spa":31,"spd":31,"spe":31},"level":100,"moves":["nightshade","strengthsap","willowisp","taunt"],"name":"Jellicent","nature":"Bold","species":"Jellicent"},{"ability":"stancechange","evs":{"atk":252,"def":0,"hp":252,"spa":0,"spd":4,"spe":0},"happiness":160,"item":"airballoon","ivs":{"atk":31,"def":31,"hp":31,"spa":31,"spd":31,"spe":31},"level":100,"moves":["kingsshield","shadowsneak","ironhead","closecombat"],"name":"Aegislash","nature":"Brave","species":"Aegislash"},{"ability":"infiltrator","evs":{"atk":0,"def":0,"hp":0,"spa":252,"spd":4,"spe":252},"happiness":160,"item":"expertbelt","ivs":{"atk":0,"def":31,"hp":31,"spa":31,"spd":31,"spe":31},"level":100,"moves":["dracometeor","shadowball","flamethrower","thunderbolt"],"name":"Dragapult","nature":"Timid","species":"Dragapult"},{"ability":"flamebody","evs":{"atk":0,"def":0,"hp":0,"spa":252,"spd":4,"spe":252},"happiness":160,"item":"choicescarf","ivs":{"atk":0,"def":31,"hp":31,"spa":31,"spd":31,"spe":31},"level":100,"moves":["shadowball","fireblast","trick","memento"],"name":"Chandelure","nature":"Timid","species":"Chandelure"},{"ability":"disguise","evs":{"atk":252,"def":0,"hp":0,"spa":0,"spd":4,"spe":252},"happiness":160,"item":"lifeorb","ivs":{"atk":31,"def":31,"hp":31,"spa":31,"spd":31,"spe":31},"level":100,"moves":["playrough","shadowclaw","shadowsneak","swordsdance"],"name":"Mimikyu","nature":"Jolly","species":"Mimikyu"},{"ability":"cursedbody","evs":{"atk":0,"def":4,"hp":0,"spa":252,"spd":0,"spe":252},"gender":"N","happiness":160,"item":"whiteherb","ivs":{"atk":0,"def":31,"hp":31,"spa":31,"spd":31,"spe":31},"level":100,"moves":["shellsmash","shadowball","gigadrain","storedpower"],"name":"Polteageist","nature":"Modest","species":"Polteageist"}],"p2":"145704","p2rating":1333,"p2team":[{"ability":"skilllink","evs":{"atk":252,"def":0,"hp":0,"spa":0,"spd":4,"spe":252},"happiness":160,"item":"whiteherb","ivs":{"atk":31,"def":31,"hp":31,"spa":31,"spd":31,"spe":31},"level":100,"moves":["shellsmash","iciclespear","rockblast","liquidation"],"name":"Cloyster","nature":"Adamant","shiny":true,"species":"Cloyster"},{"ability":"overcoat","evs":{"atk":0,"def":252,"hp":248,"spa":0,"spd":8,"spe":0},"gender":"F","happiness":160,"item":"leftovers","ivs":{"atk":0,"def":31,"hp":31,"spa":31,"spd":31,"spe":31},"level":100,"moves":["defog","roost","foulplay","taunt"],"name":"Mandibuzz","nature":"Bold","species":"Mandibuzz"},{"ability":"wanderingspirit","evs":{"atk":4,"def":0,"hp":252,"spa":0,"spd":252,"spe":0},"happiness":160,"item":"leftovers","ivs":{"atk":31,"def":31,"hp":31,"spa":31,"spd":31,"spe":31},"level":100,"moves":["stealthrock","earthquake","bodypress","willowisp"],"name":"Runerigus","nature":"Careful","species":"Runerigus"},{"ability":"stalwart","evs":{"atk":0,"def":0,"hp":0,"spa":252,"spd":4,"spe":252},"happiness":160,"item":"assaultvest","ivs":{"atk":0,"def":31,"hp":31,"spa":31,"spd":31,"spe":31},"level":100,"moves":["dracometeor","flashcannon","thunderbolt","darkpulse"],"name":"Duraludon","nature":"Timid","species":"Duraludon"},{"ability":"levitate","evs":{"atk":252,"def":0,"hp":0,"spa":0,"spd":4,"spe":252},"gender":"N","happiness":160,"item":"choicescarf","ivs":{"atk":31,"def":31,"hp":31,"spa":31,"spd":31,"spe":31},"level":100,"moves":["stoneedge","flareblitz","zenheadbutt","explosion"],"name":"Solrock","nature":"Jolly","species":"Solrock"},{"ability":"naturalcure","evs":{"atk":0,"def":0,"hp":0,"spa":252,"spd":4,"spe":252},"happiness":160,"item":"blacksludge","ivs":{"atk":0,"def":31,"hp":31,"spa":31,"spd":31,"spe":31},"level":100,"moves":["aromatherapy","sludgebomb","gigadrain","dazzlinggleam"],"name":"Roserade","nature":"Timid","species":"Roserade"}],"roomid":1022415,"score":[5,3],"seed":[47164,53289,5409,37896],"timestamp":"Sat Dec 28 2019 21:XX","turns":12,"winner":"1893","rated_battle":true,"average_rating":1341}