{"endType":"forfeit","format":"gen8ou","inputLog":[">version aa9f8c6b9cf4eca780a1296832ecd3b0009641e0",">version-origin 5e8529faaa5905c5f8e15eafaaefa806ee8c7d06",">start {\"formatid\":\"gen8ou\",\"seed\":[30,17606,981,28764],\"rated\":\"Rated battle\"}",">player p1 {\"\"name\":\"2885\",\"rating\":1621}",">player p2 {\"\"name\":\"42977\",\"rating\":1578}",">p1 team 6, 2, 3, 4, 5, 1",">p2 team 1, 2, 3, 4, 5, 6",">p1 move swordsdance",">p2 move encore",">p1 move swordsdance",">p2 move stealthrock",">p1 switch 5",">p2 switch 4",">p1 move stealthrock",">p2 move outrage",">p1 switch 2",">p2 move outrage",">p1 move flamethrower",">p2 switch 4",">p1 move moonblast",">p2 move stickyweb",">p2 switch 4",">p1 switch 2",">p2 move psychicfangs",">p1 switch 2",">p1 move flamethrower",">p2 switch 5",">p2 switch 5",">p1 switch 3",">p2 move fishiousrend",">p1 switch 6",">p1 move iciclecrash",">p2 move fishiousrend",">p1 switch 4",">p1 move uturn",">p2 move fishiousrend"],"log":["|j|\u26062885","|j|\u260642977","|player|p1|2885|265|1621","|player|p2|42977|266|1578","|teamsize|p1|6","|teamsize|p2|6","|gametype|singles","|gen|8","|tier|[Gen 8] OU","|rated|","|rule|Sleep Clause Mod: Limit one foe put to sleep","|rule|Species Clause: Limit one of each Pok\u00e9mon","|rule|OHKO Clause: OHKO moves are banned","|rule|Evasion Moves Clause: Evasion moves are banned","|rule|Endless Battle Clause: Forcing endless battles is banned","|rule|HP Percentage Mod: HP is shown in percentages","|clearpoke","|poke|p1|Darmanitan-Galar, M|","|poke|p1|Clefable, M|","|poke|p1|Rotom-Heat|","|poke|p1|Hydreigon, F|","|poke|p1|Seismitoad, F|","|poke|p1|Aegislash, F|","|poke|p2|Shuckle, M|","|poke|p2|Ditto|","|poke|p2|Aegislash, M|","|poke|p2|Dracovish|","|poke|p2|Bisharp, M|","|poke|p2|Clefable, F|","|rule|Dynamax Clause: You cannot dynamax","|teampreview","|","|start","|switch|p1a: Aegislash|Aegislash, F|261\/261","|switch|p2a: Shuckle|Shuckle, M|241\/241","|turn|1","|","|move|p1a: Aegislash|Swords Dance|p1a: Aegislash","|-boost|p1a: Aegislash|atk|2","|move|p2a: Shuckle|Encore|p1a: Aegislash","|-start|p1a: Aegislash|Encore","|","|upkeep","|turn|2","|","|move|p1a: Aegislash|Swords Dance|p1a: Aegislash","|-boost|p1a: Aegislash|atk|2","|move|p2a: Shuckle|Stealth Rock|p1a: Aegislash","|-sidestart2885|move: Stealth Rock","|","|upkeep","|turn|3","|","|switch|p1a: Seismitoad|Seismitoad, F|414\/414","|-damage|p1a: Seismitoad|389\/414|[from] Stealth Rock","|switch|p2a: Dracovish|Dracovish|321\/321","|","|-heal|p1a: Seismitoad|414\/414|[from] item: Leftovers","|upkeep","|turn|4","|","|move|p2a: Dracovish|Outrage|p1a: Seismitoad","|-damage|p1a: Seismitoad|161\/414","|move|p1a: Seismitoad|Stealth Rock|p2a: Dracovish","|-sidestart42977|move: Stealth Rock","|","|-heal|p1a: Seismitoad|186\/414|[from] item: Leftovers","|upkeep","|turn|5","|","|switch|p1a: Clefable|Clefable, M|360\/360","|move|p2a: Dracovish|Outrage|p1a: Clefable|[from]lockedmove","|-immune|p1a: Clefable","|-start|p2a: Dracovish|confusion|[fatigue]","|","|upkeep","|turn|6","|","|switch|p2a: Shuckle|Shuckle, M|241\/241","|-damage|p2a: Shuckle|181\/241|[from] Stealth Rock","|move|p1a: Clefable|Flamethrower|p2a: Shuckle","|-damage|p2a: Shuckle|125\/241","|","|upkeep","|turn|7","|","|move|p1a: Clefable|Moonblast|p2a: Shuckle","|-crit|p2a: Shuckle","|-damage|p2a: Shuckle|0 fnt","|faint|p2a: Shuckle","|","|upkeep","|","|switch|p2a: Dracovish|Dracovish|321\/321","|-damage|p2a: Dracovish|281\/321|[from] Stealth Rock","|turn|8","|","|switch|p1a: Seismitoad|Seismitoad, F|186\/414","|-damage|p1a: Seismitoad|161\/414|[from] Stealth Rock","|move|p2a: Dracovish|Psychic Fangs|p1a: Seismitoad","|-damage|p1a: Seismitoad|0 fnt","|faint|p1a: Seismitoad","|","|upkeep","|","|switch|p1a: Clefable|Clefable, M|360\/360","|turn|9","|","|switch|p2a: Bisharp|Bisharp, M|271\/271","|-damage|p2a: Bisharp|255\/271|[from] Stealth Rock","|move|p1a: Clefable|Flamethrower|p2a: Bisharp","|-supereffective|p2a: Bisharp","|-damage|p2a: Bisharp|0 fnt","|faint|p2a: Bisharp","|","|upkeep","|","|switch|p2a: Dracovish|Dracovish|281\/321","|-damage|p2a: Dracovish|241\/321|[from] Stealth Rock","|turn|10","|","|switch|p1a: Rotom|Rotom-Heat|304\/304","|move|p2a: Dracovish|Fishious Rend|p1a: Rotom","|-supereffective|p1a: Rotom","|-damage|p1a: Rotom|0 fnt","|faint|p1a: Rotom","|","|upkeep","|","|switch|p1a: Darmanitan|Darmanitan-Galar, M|351\/351","|-damage|p1a: Darmanitan|264\/351|[from] Stealth Rock","|turn|11","|","|move|p1a: Darmanitan|Icicle Crash|p2a: Dracovish|[miss]","|-miss|p1a: Darmanitan|p2a: Dracovish","|move|p2a: Dracovish|Fishious Rend|p1a: Darmanitan","|-damage|p1a: Darmanitan|0 fnt","|faint|p1a: Darmanitan","|","|upkeep","|","|switch|p1a: Hydreigon|Hydreigon, F|325\/325","|-damage|p1a: Hydreigon|285\/325|[from] Stealth Rock","|turn|12","|","|move|p1a: Hydreigon|U-turn|p2a: Dracovish","|-damage|p2a: Dracovish|188\/321","|-message|2885 forfeited.","|","|win|42977","|raw|2885's rating: 1621 &rarr; <strong>1598<\/strong><br \/>(-23 for losing)","|raw|42977's rating: 1578 &rarr; <strong>1600<\/strong><br \/>(+22 for winning)",""],"p1":"2885","p1rating":1621,"p1team":[{"ability":"gorillatactics","evs":{"atk":252,"def":0,"hp":0,"spa":0,"spd":4,"spe":252},"happiness":160,"item":"choiceband","ivs":{"atk":31,"def":31,"hp":31,"spa":31,"spd":31,"spe":31},"level":100,"moves":["iciclecrash","flareblitz","uturn","earthquake"],"name":"Darmanitan","nature":"Jolly","species":"darmanitangalar"},{"ability":"magicguard","evs":{"atk":0,"def":0,"hp":116,"spa":252,"spd":0,"spe":140},"happiness":160,"item":"lifeorb","ivs":{"atk":0,"def":31,"hp":31,"spa":31,"spd":31,"spe":31},"level":100,"moves":["moonblast","thunderbolt","flamethrower","moonlight"],"name":"Clefable","nature":"Modest","species":"Clefable"},{"ability":"levitate","evs":{"atk":0,"def":224,"hp":252,"spa":32,"spd":0,"spe":0},"gender":"N","happiness":160,"item":"heavydutyboots","ivs":{"atk":0,"def":31,"hp":31,"spa":31,"spd":31,"spe":31},"level":100,"moves":["thunderwave","willowisp","voltswitch","overheat"],"name":"Rotom","nature":"Bold","species":"rotomheat"},{"ability":"levitate","evs":{"atk":0,"def":0,"hp":0,"spa":252,"spd":4,"spe":252},"happiness":160,"item":"choicescarf","ivs":{"atk":31,"def":31,"hp":31,"spa":31,"spd":31,"spe":31},"level":100,"moves":["dracometeor","darkpulse","uturn","flashcannon"],"name":"Hydreigon","nature":"Timid","species":"Hydreigon"},{"ability":"waterabsorb","evs":{"atk":0,"def":252,"hp":252,"spa":0,"spd":4,"spe":0},"happiness":160,"item":"leftovers","ivs":{"atk":31,"def":31,"hp":31,"spa":31,"spd":31,"spe":31},"level":100,"moves":["stealthrock","toxic","earthquake","protect"],"name":"Seismitoad","nature":"Impish","species":"Seismitoad"},{"ability":"stancechange","evs":{"atk":252,"def":4,"hp":0,"spa":0,"spd":0,"spe":252},"happiness":160,"item":"spelltag","ivs":{"atk":31,"def":31,"hp":31,"spa":31,"spd":31,"spe":31},"level":100,"moves":["swordsdance","shadowsneak","sacredsword","ironhead"],"name":"Aegislash","nature":"Adamant","species":"Aegislash"}],"p2":"42977","p2rating":1578,"p2team":[{"ability":"sturdy","evs":{"atk":0,"def":252,"hp":240,"spa":0,"spd":0,"spe":16},"gender":"M","happiness":160,"item":"mentalherb","ivs":{"atk":31,"def":31,"hp":31,"spa":31,"spd":31,"spe":31},"level":100,"moves":["stickyweb","stealthrock","encore","toxic"],"name":"Shuckle","nature":"Bold","species":"Shuckle"},{"ability":"imposter","evs":{"atk":8,"def":252,"hp":248,"spa":0,"spd":0,"spe":0},"gender":"N","happiness":160,"item":"choicescarf","ivs":{"atk":31,"def":31,"hp":31,"spa":31,"spd":31,"spe":0},"level":100,"moves":["transform"],"name":"Ditto","nature":"Relaxed","species":"Ditto"},{"ability":"stancechange","evs":{"atk":252,"def":0,"hp":0,"spa":0,"spd":4,"spe":252},"happiness":160,"item":"airballoon","ivs":{"atk":31,"def":31,"hp":31,"spa":31,"spd":31,"spe":31},"level":100,"moves":["ironhead","shadowsneak","closecombat","swordsdance"],"name":"Aegislash","nature":"Adamant","species":"Aegislash"},{"ability":"strongjaw","evs":{"atk":252,"def":0,"hp":0,"spa":0,"spd":4,"spe":252},"gender":"N","happiness":160,"item":"choiceband","ivs":{"atk":31,"def":31,"hp":31,"spa":31,"spd":31,"spe":31},"level":100,"moves":["fishiousrend","outrage","psychicfangs","crunch"],"name":"Dracovish","nature":"Adamant","species":"Dracovish"},{"ability":"defiant","evs":{"atk":252,"def":0,"hp":0,"spa":0,"spd":4,"spe":252},"gender":"M","happiness":160,"item":"lifeorb","ivs":{"atk":31,"def":31,"hp":31,"spa":31,"spd":31,"spe":31},"level":100,"moves":["suckerpunch","ironhead","swordsdance","throatchop"],"name":"Bisharp","nature":"Adamant","species":"Bisharp"},{"ability":"magicguard","evs":{"atk":0,"def":0,"hp":80,"spa":252,"spd":0,"spe":176},"gender":"F","happiness":160,"item":"lifeorb","ivs":{"atk":0,"def":31,"hp":31,"spa":31,"spd":31,"spe":31},"level":100,"moves":["moonblast","thunderbolt","flamethrower","healingwish"],"name":"Clefable","nature":"Modest","species":"Clefable"}],"roomid":1022116,"score":[3,4],"seed":[30,17606,981,28764],"timestamp":"Sat Dec 28 2019 02:XX","turns":12,"winner":"42977","rated_battle":true,"average_rating":1599}