{"endType":"forfeit","format":"gen8ou","inputLog":[">version aa9f8c6b9cf4eca780a1296832ecd3b0009641e0",">version-origin 5e8529faaa5905c5f8e15eafaaefa806ee8c7d06",">start {\"formatid\":\"gen8ou\",\"seed\":[33005,33682,15456,878],\"rated\":\"Rated battle\"}",">player p1 {\"\"name\":\"21645\",\"rating\":1229}",">player p2 {\"\"name\":\"27519\",\"rating\":1240}",">p1 team 2, 1, 3, 4, 5, 6",">p2 team 4, 2, 3, 1, 5, 6",">p1 move uturn",">p2 move willowisp",">p1 switch 4",">p1 move waterfall",">p2 move roar",">p1 switch 2",">p2 switch 6",">p1 switch 6",">p2 move flamethrower",">p1 move airslash",">p2 move moonblast",">p1 switch 3",">p2 move moonlight",">p1 move thunderwave",">p2 move moonblast",">p1 move voltswitch",">p2 move moonblast",">p1 switch 3",">p1 move airslash",">p2 switch 3"],"log":["|j|\u260621645","|j|\u260627519","|player|p1|21645|marlon|1229","|player|p2|27519|marshal|1240","|teamsize|p1|6","|teamsize|p2|6","|gametype|singles","|gen|8","|tier|[Gen 8] OU","|rated|","|rule|Sleep Clause Mod: Limit one foe put to sleep","|rule|Species Clause: Limit one of each Pok\u00e9mon","|rule|OHKO Clause: OHKO moves are banned","|rule|Evasion Moves Clause: Evasion moves are banned","|rule|Endless Battle Clause: Forcing endless battles is banned","|rule|HP Percentage Mod: HP is shown in percentages","|clearpoke","|poke|p1|Hydreigon, M|","|poke|p1|Darmanitan-Galar, F|","|poke|p1|Rotom-Wash|","|poke|p1|Gyarados, F|","|poke|p1|Bisharp, M|","|poke|p1|Togekiss, M|","|poke|p2|Dracozolt|","|poke|p2|Dragapult, F|","|poke|p2|Corsola-Galar, M|","|poke|p2|Arcanine, F|","|poke|p2|Mandibuzz, F|","|poke|p2|Clefable, M|","|rule|Dynamax Clause: You cannot dynamax","|teampreview","|","|start","|switch|p1a: Papy Deter|Darmanitan-Galar, F|352\/352","|switch|p2a: Arcanine|Arcanine, F|384\/384","|-ability|p2a: Arcanine|Intimidate|boost","|-unboost|p1a: Papy Deter|atk|1","|turn|1","|","|move|p1a: Papy Deter|U-turn|p2a: Arcanine","|-resisted|p2a: Arcanine","|-damage|p2a: Arcanine|330\/384","|","|switch|p1a: Gyarados|Gyarados, F|332\/332","|-ability|p1a: Gyarados|Intimidate|boost","|-unboost|p2a: Arcanine|atk|1","|move|p2a: Arcanine|Will-O-Wisp|p1a: Gyarados","|-status|p1a: Gyarados|brn","|","|-heal|p2a: Arcanine|354\/384|[from] item: Leftovers","|-damage|p1a: Gyarados|312\/332 brn|[from] brn","|upkeep","|turn|2","|","|move|p1a: Gyarados|Waterfall|p2a: Arcanine","|-supereffective|p2a: Arcanine","|-damage|p2a: Arcanine|171\/384","|cant|p2a: Arcanine|flinch","|","|-heal|p1a: Gyarados|332\/332 brn|[from] item: Leftovers","|-heal|p2a: Arcanine|195\/384|[from] item: Leftovers","|-damage|p1a: Gyarados|312\/332 brn|[from] brn","|upkeep","|turn|3","|","|switch|p1a: BG fushia|Hydreigon, M|326\/326","|switch|p2a: Clefable|Clefable, M|394\/394","|","|upkeep","|turn|4","|","|switch|p1a: Togekiss|Togekiss, M|312\/312","|move|p2a: Clefable|Flamethrower|p1a: Togekiss","|-damage|p1a: Togekiss|194\/312","|-status|p1a: Togekiss|brn","|","|-heal|p1a: Togekiss|213\/312 brn|[from] item: Leftovers","|-damage|p1a: Togekiss|194\/312 brn|[from] brn","|upkeep","|turn|5","|","|move|p1a: Togekiss|Air Slash|p2a: Clefable","|-damage|p2a: Clefable|250\/394","|cant|p2a: Clefable|flinch","|","|-heal|p1a: Togekiss|213\/312 brn|[from] item: Leftovers","|-damage|p1a: Togekiss|194\/312 brn|[from] brn","|upkeep","|turn|6","|","|switch|p1a: Rotom|Rotom-Wash|304\/304","|move|p2a: Clefable|Moonlight|p2a: Clefable","|-heal|p2a: Clefable|394\/394","|","|upkeep","|turn|7","|","|move|p1a: Rotom|Thunder Wave|p2a: Clefable","|-status|p2a: Clefable|par","|move|p2a: Clefable|Moonblast|p1a: Rotom","|-damage|p1a: Rotom|131\/304","|","|-heal|p1a: Rotom|150\/304|[from] item: Leftovers","|upkeep","|turn|8","|","|move|p1a: Rotom|Volt Switch|p2a: Clefable","|-damage|p2a: Clefable|304\/394 par","|","|switch|p1a: Togekiss|Togekiss, M|194\/312 brn","|move|p2a: Clefable|Moonblast|p1a: Togekiss","|-damage|p1a: Togekiss|30\/312 brn","|","|-heal|p1a: Togekiss|49\/312 brn|[from] item: Leftovers","|-damage|p1a: Togekiss|30\/312 brn|[from] brn","|upkeep","|turn|9","|","|switch|p2a: Corsola|Corsola-Galar, M|324\/324","|move|p1a: Togekiss|Air Slash|p2a: Corsola|[miss]","|-miss|p1a: Togekiss|p2a: Corsola","|","|-heal|p1a: Togekiss|49\/312 brn|[from] item: Leftovers","|-damage|p1a: Togekiss|30\/312 brn|[from] brn","|upkeep","|turn|10","|-message|21645 forfeited.","|","|win|27519","|l|\u260627519","|raw|21645's rating: 1230 &rarr; <strong>1205<\/strong><br \/>(-25 for losing)","|raw|27519's rating: 1240 &rarr; <strong>1265<\/strong><br \/>(+25 for winning)",""],"p1":"21645","p1rating":1229,"p1team":[{"ability":"levitate","evs":{"atk":0,"def":0,"hp":4,"spa":252,"spd":0,"spe":252},"happiness":160,"item":"lifeorb","ivs":{"atk":0,"def":31,"hp":31,"spa":31,"spd":31,"spe":31},"level":100,"moves":["darkpulse","flamethrower","earthpower","nastyplot"],"name":"BG fushia","nature":"Timid","species":"hydreigon"},{"ability":"gorillatactics","evs":{"atk":252,"def":0,"hp":4,"spa":0,"spd":0,"spe":252},"happiness":160,"item":"choicescarf","ivs":{"atk":31,"def":31,"hp":31,"spa":31,"spd":31,"spe":31},"level":100,"moves":["earthquake","flareblitz","icepunch","uturn"],"name":"Papy Deter","nature":"Jolly","species":"darmanitangalar"},{"ability":"levitate","evs":{"atk":0,"def":252,"hp":252,"spa":0,"spd":0,"spe":4},"gender":"N","happiness":160,"item":"leftovers","ivs":{"atk":0,"def":31,"hp":31,"spa":31,"spd":31,"spe":31},"level":100,"moves":["hydropump","thunderwave","voltswitch","willowisp"],"name":"Rotom","nature":"Bold","species":"rotomwash"},{"ability":"intimidate","evs":{"atk":252,"def":0,"hp":4,"spa":0,"spd":0,"spe":252},"happiness":160,"item":"leftovers","ivs":{"atk":31,"def":31,"hp":31,"spa":31,"spd":31,"spe":31},"level":100,"moves":["dragondance","waterfall","icefang","earthquake"],"name":"Gyarados","nature":"Adamant","species":"Gyarados"},{"ability":"defiant","evs":{"atk":252,"def":0,"hp":4,"spa":0,"spd":0,"spe":252},"happiness":160,"item":"focussash","ivs":{"atk":31,"def":31,"hp":31,"spa":31,"spd":31,"spe":31},"level":100,"moves":["suckerpunch","swordsdance","stealthrock","ironhead"],"name":"Bisharp","nature":"Adamant","species":"Bisharp"},{"ability":"serenegrace","evs":{"atk":0,"def":0,"hp":4,"spa":252,"spd":0,"spe":252},"happiness":160,"item":"leftovers","ivs":{"atk":0,"def":31,"hp":31,"spa":31,"spd":31,"spe":31},"level":100,"moves":["airslash","grassknot","dazzlinggleam","fireblast"],"name":"Togekiss","nature":"Timid","species":"Togekiss"}],"p2":"27519","p2rating":1240,"p2team":[{"ability":"hustle","evs":{"atk":252,"def":0,"hp":0,"spa":4,"spd":0,"spe":252},"gender":"N","happiness":160,"item":"choicescarf","ivs":{"atk":31,"def":31,"hp":31,"spa":31,"spd":31,"spe":31},"level":100,"moves":["boltbeak","dragonclaw","earthquake","flamethrower"],"name":"Dracozolt","nature":"Naive","species":"Dracozolt"},{"ability":"infiltrator","evs":{"atk":0,"def":0,"hp":0,"spa":252,"spd":4,"spe":252},"happiness":160,"item":"lifeorb","ivs":{"atk":0,"def":31,"hp":31,"spa":31,"spd":31,"spe":31},"level":100,"moves":["shadowball","dracometeor","fireblast","thunderbolt"],"name":"Dragapult","nature":"Timid","species":"Dragapult"},{"ability":"cursedbody","evs":{"atk":0,"def":4,"hp":252,"spa":0,"spd":252,"spe":0},"happiness":160,"item":"eviolite","ivs":{"atk":0,"def":31,"hp":31,"spa":31,"spd":31,"spe":31},"level":100,"moves":["stealthrock","willowisp","strengthsap","nightshade"],"name":"Corsola","nature":"Calm","species":"corsolagalar"},{"ability":"intimidate","evs":{"atk":252,"def":0,"hp":252,"spa":0,"spd":4,"spe":0},"happiness":160,"item":"leftovers","ivs":{"atk":31,"def":31,"hp":31,"spa":31,"spd":31,"spe":31},"level":100,"moves":["willowisp","morningsun","flareblitz","roar"],"name":"Arcanine","nature":"Adamant","species":"Arcanine"},{"ability":"overcoat","evs":{"atk":4,"def":252,"hp":252,"spa":0,"spd":0,"spe":0},"gender":"F","happiness":160,"item":"leftovers","ivs":{"atk":31,"def":31,"hp":31,"spa":31,"spd":31,"spe":31},"level":100,"moves":["toxic","defog","knockoff","roost"],"name":"Mandibuzz","nature":"Impish","species":"Mandibuzz"},{"ability":"magicguard","evs":{"atk":0,"def":0,"hp":252,"spa":252,"spd":4,"spe":0},"happiness":160,"item":"lifeorb","ivs":{"atk":0,"def":31,"hp":31,"spa":31,"spd":31,"spe":31},"level":100,"moves":["moonblast","flamethrower","thunderbolt","moonlight"],"name":"Clefable","nature":"Modest","species":"Clefable"}],"roomid":1021192,"score":[6,6],"seed":[33005,33682,15456,878],"timestamp":"Sat Dec 28 2019 20:XX","turns":10,"winner":"27519","rated_battle":true,"average_rating":1234}