{"endType":"forfeit","format":"gen8ou","inputLog":[">version aa9f8c6b9cf4eca780a1296832ecd3b0009641e0",">version-origin 5e8529faaa5905c5f8e15eafaaefa806ee8c7d06",">start {\"formatid\":\"gen8ou\",\"seed\":[27894,19609,33301,33659],\"rated\":\"Rated battle\"}",">player p1 {\"\"name\":\"6257\",\"rating\":1194}",">player p2 {\"\"name\":\"29366\",\"rating\":1230}",">p1 team 2, 1, 3, 4, 5, 6",">p2 team 1, 2, 3, 4, 5, 6",">p1 move stickyweb",">p2 move stealthrock",">p1 move liquidation",">p2 move rapidspin",">p1 move liquidation",">p2 move steelbeam",">p2 switch 6",">p1 switch 3",">p2 move substitute",">p1 move earthquake",">p2 move firefang",">p1 move earthquake",">p2 move firefang",">p2 switch 3",">p1 move rapidspin",">p2 move bodypress",">p1 switch 6",">p1 move flamethrower",">p2 switch 5"],"log":["|j|\u26066257","|j|\u260629366","|player|p1|6257|nate|1194","|player|p2|29366|170|1230","|teamsize|p1|6","|teamsize|p2|6","|gametype|singles","|gen|8","|tier|[Gen 8] OU","|rated|","|rule|Sleep Clause Mod: Limit one foe put to sleep","|rule|Species Clause: Limit one of each Pok\u00e9mon","|rule|OHKO Clause: OHKO moves are banned","|rule|Evasion Moves Clause: Evasion moves are banned","|rule|Endless Battle Clause: Forcing endless battles is banned","|rule|HP Percentage Mod: HP is shown in percentages","|clearpoke","|poke|p1|Obstagoon, F|","|poke|p1|Araquanid, M|","|poke|p1|Excadrill, F|","|poke|p1|Bisharp, F|","|poke|p1|Dragapult, M|","|poke|p1|Togekiss, M|","|poke|p2|Excadrill, F|","|poke|p2|Dragapult, F|","|poke|p2|Corviknight, M|","|poke|p2|Clefable, M|","|poke|p2|Toxapex, M|","|poke|p2|Dracozolt|","|rule|Dynamax Clause: You cannot dynamax","|teampreview","|","|start","|switch|p1a: Araquanid|Araquanid, M|277\/277","|switch|p2a: Excadrill|Excadrill, F|361\/361","|-ability|p2a: Excadrill|Mold Breaker","|turn|1","|","|move|p2a: Excadrill|Stealth Rock|p1a: Araquanid","|-sidestart6257|move: Stealth Rock","|move|p1a: Araquanid|Sticky Web|p2a: Excadrill","|-sidestart29366|move: Sticky Web","|","|upkeep","|turn|2","|","|move|p2a: Excadrill|Rapid Spin|p1a: Araquanid","|-damage|p1a: Araquanid|206\/277","|-sideend29366|Sticky Web|[from] move: Rapid Spin|[of] p2a: Excadrill","|-boost|p2a: Excadrill|spe|1","|move|p1a: Araquanid|Liquidation|p2a: Excadrill","|-supereffective|p2a: Excadrill","|-enditem|p2a: Excadrill|Focus Sash","|-damage|p2a: Excadrill|1\/361","|","|upkeep","|turn|3","|","|move|p2a: Excadrill|Steel Beam|p1a: Araquanid","|-resisted|p1a: Araquanid","|-damage|p1a: Araquanid|171\/277","|-damage|p2a: Excadrill|0 fnt|[from] mindblown","|faint|p2a: Excadrill","|move|p1a: Araquanid|Liquidation|p2: Excadrill|[notarget]","|-fail|p1a: Araquanid","|","|upkeep","|","|switch|p2a: Dracozolt|Dracozolt|321\/321","|turn|4","|","|switch|p1a: Excadrill|Excadrill, F|361\/361","|-damage|p1a: Excadrill|350\/361|[from] Stealth Rock","|-ability|p1a: Excadrill|Mold Breaker","|move|p2a: Dracozolt|Substitute|p2a: Dracozolt","|-start|p2a: Dracozolt|Substitute","|-damage|p2a: Dracozolt|241\/321","|","|upkeep","|turn|5","|","|move|p1a: Excadrill|Earthquake|p2a: Dracozolt","|-supereffective|p2a: Dracozolt","|-end|p2a: Dracozolt|Substitute","|move|p2a: Dracozolt|Fire Fang|p1a: Excadrill|[miss]","|-miss|p2a: Dracozolt|p1a: Excadrill","|-enditem|p2a: Dracozolt|Blunder Policy","|-boost|p2a: Dracozolt|spe|2","|","|upkeep","|turn|6","|","|move|p2a: Dracozolt|Fire Fang|p1a: Excadrill","|-supereffective|p1a: Excadrill","|-damage|p1a: Excadrill|16\/361","|move|p1a: Excadrill|Earthquake|p2a: Dracozolt","|-supereffective|p2a: Dracozolt","|-damage|p2a: Dracozolt|0 fnt","|faint|p2a: Dracozolt","|","|upkeep","|","|switch|p2a: Corviknight|Corviknight, M|400\/400","|-ability|p2a: Corviknight|Pressure","|turn|7","|","|move|p1a: Excadrill|Rapid Spin|p2a: Corviknight","|-resisted|p2a: Corviknight","|-crit|p2a: Corviknight","|-damage|p2a: Corviknight|370\/400","|-sideend6257|Stealth Rock|[from] move: Rapid Spin|[of] p1a: Excadrill","|-boost|p1a: Excadrill|spe|1","|move|p2a: Corviknight|Body Press|p1a: Excadrill","|-supereffective|p1a: Excadrill","|-damage|p1a: Excadrill|0 fnt","|faint|p1a: Excadrill","|","|-heal|p2a: Corviknight|395\/400|[from] item: Leftovers","|upkeep","|","|switch|p1a: Togekiss|Togekiss, M|311\/311","|turn|8","|","|switch|p2a: Toxapex|Toxapex, M|304\/304","|move|p1a: Togekiss|Flamethrower|p2a: Toxapex","|-resisted|p2a: Toxapex","|-damage|p2a: Toxapex|265\/304","|-status|p2a: Toxapex|brn","|","|-heal|p2a: Toxapex|284\/304 brn|[from] item: Black Sludge","|-damage|p2a: Toxapex|265\/304 brn|[from] brn","|upkeep","|turn|9","|-message|29366 forfeited.","|","|win|6257","|l|\u260629366","|raw|6257's rating: 1194 &rarr; <strong>1221<\/strong><br \/>(+27 for winning)","|raw|29366's rating: 1230 &rarr; <strong>1203<\/strong><br \/>(-27 for losing)",""],"p1":"6257","p1rating":1194,"p1team":[{"ability":"guts","evs":{"atk":252,"def":0,"hp":0,"spa":0,"spd":4,"spe":252},"happiness":160,"item":"flameorb","ivs":{"atk":31,"def":31,"hp":31,"spa":31,"spd":31,"spe":31},"level":100,"moves":["knockoff","facade","bulkup","obstruct"],"name":"Obstagoon","nature":"Jolly","species":"Obstagoon"},{"ability":"waterbubble","evs":{"atk":252,"def":0,"hp":0,"spa":0,"spd":4,"spe":252},"happiness":160,"item":"focussash","ivs":{"atk":31,"def":31,"hp":31,"spa":31,"spd":31,"spe":31},"level":100,"moves":["liquidation","leechlife","protect","stickyweb"],"name":"Araquanid","nature":"Adamant","species":"Araquanid"},{"ability":"moldbreaker","evs":{"atk":252,"def":0,"hp":0,"spa":0,"spd":4,"spe":252},"happiness":160,"item":"focussash","ivs":{"atk":31,"def":31,"hp":31,"spa":31,"spd":31,"spe":31},"level":100,"moves":["earthquake","ironhead","rapidspin","stealthrock"],"name":"Excadrill","nature":"Jolly","species":"Excadrill"},{"ability":"defiant","evs":{"atk":252,"def":0,"hp":0,"spa":0,"spd":4,"spe":252},"happiness":160,"item":"lumberry","ivs":{"atk":31,"def":31,"hp":31,"spa":31,"spd":31,"spe":31},"level":100,"moves":["throatchop","ironhead","suckerpunch","swordsdance"],"name":"Bisharp","nature":"Jolly","species":"Bisharp"},{"ability":"clearbody","evs":{"atk":0,"def":16,"hp":96,"spa":184,"spd":0,"spe":212},"happiness":160,"item":"leftovers","ivs":{"atk":0,"def":31,"hp":31,"spa":31,"spd":31,"spe":31},"level":100,"moves":["hex","disable","substitute","willowisp"],"name":"Dragapult","nature":"Timid","species":"Dragapult"},{"ability":"serenegrace","evs":{"atk":0,"def":0,"hp":0,"spa":252,"spd":4,"spe":252},"happiness":160,"item":"heavydutyboots","ivs":{"atk":0,"def":31,"hp":31,"spa":31,"spd":31,"spe":31},"level":100,"moves":["airslash","dazzlinggleam","flamethrower","nastyplot"],"name":"Togekiss","nature":"Timid","species":"Togekiss"}],"p2":"29366","p2rating":1230,"p2team":[{"ability":"moldbreaker","evs":{"atk":252,"def":0,"hp":0,"spa":4,"spd":0,"spe":252},"happiness":160,"item":"focussash","ivs":{"atk":31,"def":31,"hp":31,"spa":31,"spd":31,"spe":31},"level":100,"moves":["earthquake","steelbeam","rapidspin","stealthrock"],"name":"Excadrill","nature":"Hasty","species":"Excadrill"},{"ability":"infiltrator","evs":{"atk":0,"def":0,"hp":0,"spa":252,"spd":4,"spe":252},"happiness":160,"item":"choicescarf","ivs":{"atk":0,"def":31,"hp":31,"spa":31,"spd":31,"spe":31},"level":100,"moves":["dracometeor","shadowball","fireblast","thunderbolt"],"name":"Dragapult","nature":"Timid","species":"Dragapult"},{"ability":"pressure","evs":{"atk":0,"def":252,"hp":252,"spa":0,"spd":4,"spe":0},"happiness":160,"item":"leftovers","ivs":{"atk":31,"def":31,"hp":31,"spa":31,"spd":31,"spe":31},"level":100,"moves":["bravebird","bodypress","irondefense","roost"],"name":"Corviknight","nature":"Impish","species":"Corviknight"},{"ability":"magicguard","evs":{"atk":0,"def":0,"hp":252,"spa":252,"spd":4,"spe":0},"happiness":160,"item":"lifeorb","ivs":{"atk":0,"def":31,"hp":31,"spa":31,"spd":31,"spe":31},"level":100,"moves":["moonblast","flamethrower","grassknot","moonlight"],"name":"Clefable","nature":"Modest","species":"Clefable"},{"ability":"regenerator","evs":{"atk":0,"def":252,"hp":252,"spa":0,"spd":4,"spe":0},"happiness":160,"item":"blacksludge","ivs":{"atk":0,"def":31,"hp":31,"spa":31,"spd":31,"spe":31},"level":100,"moves":["scald","banefulbunker","haze","recover"],"name":"Toxapex","nature":"Bold","species":"Toxapex"},{"ability":"hustle","evs":{"atk":252,"def":0,"hp":0,"spa":0,"spd":4,"spe":252},"gender":"N","happiness":160,"item":"blunderpolicy","ivs":{"atk":31,"def":31,"hp":31,"spa":31,"spd":31,"spe":31},"level":100,"moves":["boltbeak","dragonclaw","firefang","substitute"],"name":"Dracozolt","nature":"Adamant","species":"Dracozolt"}],"roomid":1018195,"score":[5,4],"seed":[27894,19609,33301,33659],"timestamp":"Sat Dec 28 2019 06:XX","turns":9,"winner":"6257","rated_battle":true,"average_rating":1212}