{"endType":"forfeit","format":"gen8ou","inputLog":[">version aa9f8c6b9cf4eca780a1296832ecd3b0009641e0",">version-origin 5e8529faaa5905c5f8e15eafaaefa806ee8c7d06",">start {\"formatid\":\"gen8ou\",\"seed\":[21891,29793,41363,54102],\"rated\":\"Rated battle\"}",">player p1 {\"\"name\":\"22116\",\"rating\":1192}",">player p2 {\"\"name\":\"122518\",\"rating\":1240}",">p1 team 1, 2, 3, 4, 5, 6",">p2 team 2, 1, 3, 4, 5, 6",">p1 move scald",">p2 move stunspore",">p1 move scald",">p2 move stickyweb",">p1 move scald",">p2 switch 4",">p1 switch 2",">p2 move willowisp",">p1 move lightscreen",">p2 move voltswitch",">p2 switch 4",">p1 move hypervoice",">p2 move moonblast",">p2 switch 3",">p1 switch 5",">p2 move earthquake",">p1 move earthquake",">p2 move stealthrock",">p1 move machpunch",">p2 switch 2",">p1 switch 5",">p2 move uturn",">p2 switch 2",">p1 move hypervoice",">p2 move earthquake",">p1 switch 6",">p1 move darkpulse",">p2 move earthquake",">p2 switch 5",">p1 switch 4",">p2 move uturn",">p2 switch 2"],"log":["|j|\u260622116","|j|\u2606122518","|player|p1|22116|101|1192","|player|p2|122518|143|1240","|teamsize|p1|6","|teamsize|p2|6","|gametype|singles","|gen|8","|tier|[Gen 8] OU","|rated|","|rule|Sleep Clause Mod: Limit one foe put to sleep","|rule|Species Clause: Limit one of each Pok\u00e9mon","|rule|OHKO Clause: OHKO moves are banned","|rule|Evasion Moves Clause: Evasion moves are banned","|rule|Endless Battle Clause: Forcing endless battles is banned","|rule|HP Percentage Mod: HP is shown in percentages","|clearpoke","|poke|p1|Milotic, M|","|poke|p1|Sylveon, M|","|poke|p1|Excadrill, F|","|poke|p1|Toxtricity-Low-Key, M|","|poke|p1|Conkeldurr, M|","|poke|p1|Hydreigon, F|","|poke|p2|Dragapult, F|","|poke|p2|Ribombee, F|","|poke|p2|Excadrill, M|","|poke|p2|Rotom-Wash|","|poke|p2|Darmanitan-Galar, F|","|poke|p2|Hydreigon, M|","|rule|Dynamax Clause: You cannot dynamax","|teampreview","|","|start","|switch|p1a: Milotic|Milotic, M|394\/394","|switch|p2a: Ribombee|Ribombee, F|261\/261","|turn|1","|","|move|p2a: Ribombee|Stun Spore|p1a: Milotic","|-status|p1a: Milotic|par","|move|p1a: Milotic|Scald|p2a: Ribombee","|-damage|p2a: Ribombee|137\/261","|","|upkeep","|turn|2","|","|move|p2a: Ribombee|Sticky Web|p1a: Milotic","|-sidestart22116|move: Sticky Web","|move|p1a: Milotic|Scald|p2a: Ribombee","|-damage|p2a: Ribombee|11\/261","|","|upkeep","|turn|3","|","|switch|p2a: Rotom|Rotom-Wash|304\/304","|move|p1a: Milotic|Scald|p2a: Rotom","|-resisted|p2a: Rotom","|-damage|p2a: Rotom|262\/304","|","|-heal|p2a: Rotom|281\/304|[from] item: Leftovers","|upkeep","|turn|4","|","|switch|p1a: Sylveon|Sylveon, M|394\/394","|-activate|p1a: Sylveon|move: Sticky Web","|-unboost|p1a: Sylveon|spe|1","|move|p2a: Rotom|Will-O-Wisp|p1a: Sylveon","|-status|p1a: Sylveon|brn","|","|-heal|p2a: Rotom|300\/304|[from] item: Leftovers","|-damage|p1a: Sylveon|370\/394 brn|[from] brn","|upkeep","|turn|5","|","|move|p2a: Rotom|Volt Switch|p1a: Sylveon","|-damage|p1a: Sylveon|307\/394 brn","|","|switch|p2a: Ribombee|Ribombee, F|11\/261","|move|p1a: Sylveon|Light Screen|p1a: Sylveon","|-sidestart22116|move: Light Screen","|","|-heal|p1a: Sylveon|331\/394 brn|[from] item: Leftovers","|-damage|p1a: Sylveon|307\/394 brn|[from] brn","|upkeep","|turn|6","|","|move|p2a: Ribombee|Moonblast|p1a: Sylveon","|-damage|p1a: Sylveon|266\/394 brn","|-unboost|p1a: Sylveon|spa|1","|move|p1a: Sylveon|Hyper Voice|p2a: Ribombee","|-damage|p2a: Ribombee|0 fnt","|faint|p2a: Ribombee","|","|-heal|p1a: Sylveon|290\/394 brn|[from] item: Leftovers","|-damage|p1a: Sylveon|266\/394 brn|[from] brn","|upkeep","|","|switch|p2a: Excadrill|Excadrill, M|361\/361","|-ability|p2a: Excadrill|Mold Breaker","|turn|7","|","|switch|p1a: Conkeldurr|Conkeldurr, M|414\/414","|-activate|p1a: Conkeldurr|move: Sticky Web","|-unboost|p1a: Conkeldurr|spe|1","|move|p2a: Excadrill|Earthquake|p1a: Conkeldurr","|-damage|p1a: Conkeldurr|213\/414","|","|-status|p1a: Conkeldurr|brn|[from] item: Flame Orb","|upkeep","|turn|8","|","|move|p2a: Excadrill|Stealth Rock|p1a: Conkeldurr","|-sidestart22116|move: Stealth Rock","|move|p1a: Conkeldurr|Earthquake|p2a: Excadrill","|-supereffective|p2a: Excadrill","|-enditem|p2a: Excadrill|Focus Sash","|-damage|p2a: Excadrill|1\/361","|","|-damage|p1a: Conkeldurr|188\/414 brn|[from] brn","|upkeep","|turn|9","|","|switch|p2a: Dragapult|Dragapult, F|318\/318","|move|p1a: Conkeldurr|Mach Punch|p2a: Dragapult","|-immune|p2a: Dragapult","|","|-damage|p1a: Conkeldurr|163\/414 brn|[from] brn","|-sideend22116|move: Light Screen","|upkeep","|turn|10","|","|switch|p1a: Sylveon|Sylveon, M|266\/394 brn","|-damage|p1a: Sylveon|217\/394 brn|[from] Stealth Rock","|-activate|p1a: Sylveon|move: Sticky Web","|-unboost|p1a: Sylveon|spe|1","|move|p2a: Dragapult|U-turn|p1a: Sylveon","|-resisted|p1a: Sylveon","|-damage|p1a: Sylveon|119\/394 brn","|","|switch|p2a: Excadrill|Excadrill, M|1\/361","|-ability|p2a: Excadrill|Mold Breaker","|","|-heal|p1a: Sylveon|143\/394 brn|[from] item: Leftovers","|-damage|p1a: Sylveon|119\/394 brn|[from] brn","|upkeep","|turn|11","|","|move|p2a: Excadrill|Earthquake|p1a: Sylveon","|-damage|p1a: Sylveon|0 fnt","|faint|p1a: Sylveon","|","|upkeep","|","|switch|p1a: Hydreigon|Hydreigon, F|325\/325","|-damage|p1a: Hydreigon|285\/325|[from] Stealth Rock","|turn|12","|","|move|p1a: Hydreigon|Dark Pulse|p2a: Excadrill","|-damage|p2a: Excadrill|0 fnt","|faint|p2a: Excadrill","|","|upkeep","|","|switch|p2a: Darmanitan|Darmanitan-Galar, F|351\/351","|turn|13","|","|switch|p1a: Toxtricity|Toxtricity-Low-Key, M|291\/291","|-damage|p1a: Toxtricity|255\/291|[from] Stealth Rock","|-activate|p1a: Toxtricity|move: Sticky Web","|-unboost|p1a: Toxtricity|spe|1","|move|p2a: Darmanitan|U-turn|p1a: Toxtricity","|-resisted|p1a: Toxtricity","|-damage|p1a: Toxtricity|160\/291","|l|\u260622116","|player|p1|","|","|switch|p2a: Dragapult|Dragapult, F|318\/318","|","|upkeep","|turn|14","|-message|22116 lost due to inactivity.","|","|win|122518","|l|\u2606122518","|raw|22116's rating: 1192 &rarr; <strong>1169<\/strong><br \/>(-23 for losing)","|raw|122518's rating: 1219 &rarr; <strong>1242<\/strong><br \/>(+23 for winning)",""],"p1":"22116","p1rating":1192,"p1team":[{"ability":"marvelscale","evs":{"atk":0,"def":252,"hp":252,"spa":4,"spd":0,"spe":0},"happiness":160,"item":"flameorb","ivs":{"atk":0,"def":31,"hp":31,"spa":31,"spd":31,"spe":31},"level":100,"moves":["scald","recover","icebeam","haze"],"name":"Milotic","nature":"Bold","species":"Milotic"},{"ability":"pixilate","evs":{"atk":0,"def":0,"hp":252,"spa":4,"spd":252,"spe":0},"happiness":160,"item":"leftovers","ivs":{"atk":0,"def":31,"hp":31,"spa":31,"spd":31,"spe":31},"level":100,"moves":["hypervoice","wish","lightscreen","protect"],"name":"Sylveon","nature":"Calm","species":"Sylveon"},{"ability":"moldbreaker","evs":{"atk":252,"def":0,"hp":0,"spa":0,"spd":4,"spe":252},"happiness":160,"item":"focussash","ivs":{"atk":31,"def":31,"hp":31,"spa":31,"spd":31,"spe":31},"level":100,"moves":["stealthrock","earthquake","ironhead","rapidspin"],"name":"Excadrill","nature":"Jolly","species":"Excadrill"},{"ability":"punkrock","evs":{"atk":0,"def":0,"hp":0,"spa":252,"spd":4,"spe":252},"happiness":160,"item":"choicespecs","ivs":{"atk":0,"def":31,"hp":31,"spa":31,"spd":31,"spe":31},"level":100,"moves":["boomburst","overdrive","sludgewave","voltswitch"],"name":"Toxtricity","nature":"Timid","species":"toxtricitylowkey"},{"ability":"guts","evs":{"atk":252,"def":0,"hp":252,"spa":0,"spd":4,"spe":0},"happiness":160,"item":"flameorb","ivs":{"atk":31,"def":31,"hp":31,"spa":31,"spd":31,"spe":31},"level":100,"moves":["drainpunch","earthquake","thunderpunch","machpunch"],"name":"Conkeldurr","nature":"Adamant","species":"Conkeldurr"},{"ability":"levitate","evs":{"atk":0,"def":0,"hp":0,"spa":252,"spd":4,"spe":252},"happiness":160,"item":"choicescarf","ivs":{"atk":31,"def":31,"hp":31,"spa":31,"spd":31,"spe":31},"level":100,"moves":["dracometeor","darkpulse","fireblast","uturn"],"name":"Hydreigon","nature":"Timid","species":"Hydreigon"}],"p2":"122518","p2rating":1240,"p2team":[{"ability":"clearbody","evs":{"atk":252,"def":0,"hp":4,"spa":0,"spd":0,"spe":252},"happiness":160,"item":"choiceband","ivs":{"atk":31,"def":31,"hp":31,"spa":31,"spd":31,"spe":31},"level":100,"moves":["uturn","dragondarts","suckerpunch","phantomforce"],"name":"Dragapult","nature":"Adamant","species":"Dragapult"},{"ability":"shielddust","evs":{"atk":0,"def":0,"hp":0,"spa":252,"spd":4,"spe":252},"happiness":160,"item":"focussash","ivs":{"atk":0,"def":31,"hp":31,"spa":31,"spd":31,"spe":31},"level":100,"moves":["stickyweb","stunspore","moonblast","bugbuzz"],"name":"Ribombee","nature":"Timid","species":"Ribombee"},{"ability":"moldbreaker","evs":{"atk":252,"def":0,"hp":0,"spa":0,"spd":4,"spe":252},"happiness":160,"item":"focussash","ivs":{"atk":31,"def":31,"hp":31,"spa":31,"spd":31,"spe":31},"level":100,"moves":["earthquake","ironhead","stealthrock","rapidspin"],"name":"Excadrill","nature":"Jolly","species":"Excadrill"},{"ability":"levitate","evs":{"atk":0,"def":0,"hp":252,"spa":132,"spd":0,"spe":124},"gender":"N","happiness":160,"item":"leftovers","ivs":{"atk":0,"def":31,"hp":31,"spa":31,"spd":31,"spe":31},"level":100,"moves":["voltswitch","hydropump","willowisp","discharge"],"name":"Rotom","nature":"Modest","species":"rotomwash"},{"ability":"gorillatactics","evs":{"atk":252,"def":0,"hp":0,"spa":0,"spd":4,"spe":252},"happiness":160,"item":"choicescarf","ivs":{"atk":31,"def":31,"hp":31,"spa":31,"spd":31,"spe":31},"level":100,"moves":["uturn","icepunch","flareblitz","earthquake"],"name":"Darmanitan","nature":"Jolly","species":"darmanitangalar"},{"ability":"levitate","evs":{"atk":0,"def":0,"hp":0,"spa":252,"spd":4,"spe":252},"happiness":160,"item":"choicespecs","ivs":{"atk":0,"def":31,"hp":31,"spa":31,"spd":31,"spe":31},"level":100,"moves":["dracometeor","darkpulse","flashcannon","fireblast"],"name":"Hydreigon","nature":"Timid","species":"Hydreigon"}],"roomid":1021611,"score":[5,4],"seed":[21891,29793,41363,54102],"timestamp":"Sat Dec 28 2019 18:XX","turns":14,"winner":"122518","rated_battle":true,"average_rating":1216}