{"endType":"forfeit","format":"gen8ou","inputLog":[">version aa9f8c6b9cf4eca780a1296832ecd3b0009641e0",">version-origin 5e8529faaa5905c5f8e15eafaaefa806ee8c7d06",">start {\"formatid\":\"gen8ou\",\"seed\":[40187,21971,44260,65467],\"rated\":\"Rated battle\"}",">player p1 {\"\"name\":\"30528\",\"rating\":1652}",">player p2 {\"\"name\":\"27338\",\"rating\":1552}",">p1 team 6, 2, 3, 4, 5, 1",">p2 team 1, 2, 3, 4, 5, 6",">p1 move substitute",">p2 switch 5",">p1 move willowisp",">p2 move scald",">p1 move hex",">p2 move banefulbunker",">p1 move hex",">p2 switch 4",">p1 move willowisp",">p2 switch 3",">p1 move substitute",">p2 move pyroball",">p1 move hex",">p2 move taunt",">p1 move hex",">p2 move pyroball",">p1 switch 5",">p2 move pyroball",">p1 move scald",">p2 move superfang",">p2 switch 5",">p1 move banefulbunker",">p2 move substitute",">p1 move recover",">p2 move psychicfangs",">p1 move banefulbunker",">p2 move substitute",">p1 move recover",">p2 move psychicfangs",">p1 move banefulbunker",">p2 move substitute",">p1 move recover",">p2 move crunch",">p1 move scald",">p2 switch 2",">p1 move banefulbunker",">p2 move boltbeak",">p1 switch 2",">p2 move boltbeak",">p1 move machpunch",">p2 move boltbeak",">p1 switch 3",">p1 move substitute",">p2 switch 6",">p1 move bulkup",">p2 move substitute",">p1 move darkestlariat",">p2 move bulkup",">p1 move darkestlariat",">p2 move bulkup",">p1 move darkestlariat",">p2 move roost",">p2 switch 2",">p1 move spiritbreak",">p2 move fishiousrend",">p2 switch 3",">p1 move substitute",">p2 move spiritbreak",">p1 switch 2",">p2 move spiritbreak",">p1 move scald",">p2 switch 6",">p1 move banefulbunker",">p2 move boltbeak",">p1 switch 6",">p2 move boltbeak",">p1 switch 5",">p1 move substitute",">p2 move boltbeak"],"log":["|raw|<div class=\"broadcast-red\"><strong>This battle is invite-only!<\/strong><br \/>Users must be invited with <code>\/invite<\/code> (or be staff) to join<\/div>","|j|\u260630528","|j|\u260627338","|player|p1|30528|acetrainer-gen4dp|1652","|player|p2|27338|hilbert|1552","|teamsize|p1|6","|teamsize|p2|6","|gametype|singles","|gen|8","|tier|[Gen 8] OU","|rated|","|rule|Sleep Clause Mod: Limit one foe put to sleep","|rule|Species Clause: Limit one of each Pok\u00e9mon","|rule|OHKO Clause: OHKO moves are banned","|rule|Evasion Moves Clause: Evasion moves are banned","|rule|Endless Battle Clause: Forcing endless battles is banned","|rule|HP Percentage Mod: HP is shown in percentages","|clearpoke","|poke|p1|Clefable, M|","|poke|p1|Conkeldurr, F|","|poke|p1|Grimmsnarl, M|","|poke|p1|Corviknight, F|","|poke|p1|Toxapex, F|","|poke|p1|Dragapult, M|","|poke|p2|Dracovish|","|poke|p2|Dracozolt|","|poke|p2|Cinderace, M|","|poke|p2|Ditto|","|poke|p2|Toxapex, M|","|poke|p2|Corviknight, F|","|rule|Dynamax Clause: You cannot dynamax","|teampreview","|","|start","|switch|p1a: Dragapult|Dragapult, M|362\/362","|switch|p2a: C90 C90|Dracovish|321\/321","|turn|1","|","|switch|p2a: Toxapex|Toxapex, M|304\/304","|move|p1a: Dragapult|Substitute|p1a: Dragapult","|-start|p1a: Dragapult|Substitute","|-damage|p1a: Dragapult|272\/362","|","|-heal|p1a: Dragapult|294\/362|[from] item: Leftovers","|upkeep","|turn|2","|","|move|p1a: Dragapult|Will-O-Wisp|p2a: Toxapex","|-status|p2a: Toxapex|brn","|move|p2a: Toxapex|Scald|p1a: Dragapult","|-resisted|p1a: Dragapult","|-crit|p1a: Dragapult","|-activate|p1a: Dragapult|move: Substitute|[damage]","|","|-heal|p1a: Dragapult|316\/362|[from] item: Leftovers","|-damage|p2a: Toxapex|285\/304 brn|[from] brn","|upkeep","|turn|3","|","|move|p2a: Toxapex|Baneful Bunker|p2a: Toxapex","|-singleturn|p2a: Toxapex|move: Protect","|move|p1a: Dragapult|Hex|p2a: Toxapex","|-activate|p2a: Toxapex|move: Protect","|","|-heal|p1a: Dragapult|338\/362|[from] item: Leftovers","|-heal|p2a: Toxapex|304\/304 brn|[from] item: Black Sludge","|-damage|p2a: Toxapex|285\/304 brn|[from] brn","|upkeep","|turn|4","|","|switch|p2a: cambio|Ditto|300\/300","|move|p1a: Dragapult|Hex|p2a: cambio","|-immune|p2a: cambio","|","|-heal|p1a: Dragapult|360\/362|[from] item: Leftovers","|upkeep","|turn|5","|","|switch|p2a: L|Cinderace, M|301\/301","|move|p1a: Dragapult|Will-O-Wisp|p2a: L","|-immune|p2a: L","|","|-heal|p1a: Dragapult|362\/362|[from] item: Leftovers","|upkeep","|turn|6","|","|move|p2a: L|Pyro Ball|p1a: Dragapult","|-resisted|p1a: Dragapult","|-end|p1a: Dragapult|Substitute","|move|p1a: Dragapult|Substitute|p1a: Dragapult","|-start|p1a: Dragapult|Substitute","|-damage|p1a: Dragapult|272\/362","|","|-heal|p1a: Dragapult|294\/362|[from] item: Leftovers","|upkeep","|turn|7","|","|move|p2a: L|Taunt|p1a: Dragapult","|-start|p1a: Dragapult|move: Taunt","|move|p1a: Dragapult|Hex|p2a: L","|-damage|p2a: L|163\/301","|","|-heal|p1a: Dragapult|316\/362|[from] item: Leftovers","|upkeep","|turn|8","|","|move|p2a: L|Pyro Ball|p1a: Dragapult","|-resisted|p1a: Dragapult","|-end|p1a: Dragapult|Substitute","|move|p1a: Dragapult|Hex|p2a: L","|-damage|p2a: L|22\/301","|","|-heal|p1a: Dragapult|338\/362|[from] item: Leftovers","|upkeep","|turn|9","|","|switch|p1a: Toxapex|Toxapex, F|304\/304","|move|p2a: L|Pyro Ball|p1a: Toxapex","|-resisted|p1a: Toxapex","|-damage|p1a: Toxapex|229\/304","|","|-heal|p1a: Toxapex|248\/304|[from] item: Black Sludge","|upkeep","|turn|10","|","|move|p2a: L|Super Fang|p1a: Toxapex","|-damage|p1a: Toxapex|124\/304","|move|p1a: Toxapex|Scald|p2a: L","|-supereffective|p2a: L","|-damage|p2a: L|0 fnt","|faint|p2a: L","|","|-heal|p1a: Toxapex|143\/304|[from] item: Black Sludge","|upkeep","|","|switch|p2a: C90 C90|Dracovish|321\/321","|turn|11","|-activate|p2a: C90 C90|item: Quick Claw","|","|move|p1a: Toxapex|Baneful Bunker|p1a: Toxapex","|-singleturn|p1a: Toxapex|move: Protect","|move|p2a: C90 C90|Substitute|p2a: C90 C90","|-start|p2a: C90 C90|Substitute","|-damage|p2a: C90 C90|241\/321","|","|-heal|p1a: Toxapex|162\/304|[from] item: Black Sludge","|upkeep","|turn|12","|","|move|p2a: C90 C90|Psychic Fangs|p1a: Toxapex","|-supereffective|p1a: Toxapex","|-damage|p1a: Toxapex|32\/304","|move|p1a: Toxapex|Recover|p1a: Toxapex","|-heal|p1a: Toxapex|184\/304","|","|-heal|p1a: Toxapex|203\/304|[from] item: Black Sludge","|upkeep","|turn|13","|","|move|p1a: Toxapex|Baneful Bunker|p1a: Toxapex","|-singleturn|p1a: Toxapex|move: Protect","|move|p2a: C90 C90|Substitute|p2a: C90 C90","|-fail|p2a: C90 C90|move: Substitute","|","|-heal|p1a: Toxapex|222\/304|[from] item: Black Sludge","|upkeep","|turn|14","|","|move|p2a: C90 C90|Psychic Fangs|p1a: Toxapex","|-supereffective|p1a: Toxapex","|-damage|p1a: Toxapex|90\/304","|move|p1a: Toxapex|Recover|p1a: Toxapex","|-heal|p1a: Toxapex|242\/304","|","|-heal|p1a: Toxapex|261\/304|[from] item: Black Sludge","|upkeep","|turn|15","|","|move|p1a: Toxapex|Baneful Bunker|p1a: Toxapex","|-singleturn|p1a: Toxapex|move: Protect","|move|p2a: C90 C90|Substitute|p2a: C90 C90","|-fail|p2a: C90 C90|move: Substitute","|","|-heal|p1a: Toxapex|280\/304|[from] item: Black Sludge","|upkeep","|turn|16","|","|move|p2a: C90 C90|Crunch|p1a: Toxapex","|-damage|p1a: Toxapex|213\/304","|move|p1a: Toxapex|Recover|p1a: Toxapex","|-heal|p1a: Toxapex|304\/304","|","|upkeep","|turn|17","|","|switch|p2a: Dracozolt|Dracozolt|321\/321","|move|p1a: Toxapex|Scald|p2a: Dracozolt","|-resisted|p2a: Dracozolt","|-damage|p2a: Dracozolt|284\/321","|-status|p2a: Dracozolt|brn","|","|-damage|p2a: Dracozolt|264\/321 brn|[from] brn","|upkeep","|turn|18","|","|move|p1a: Toxapex|Baneful Bunker|p1a: Toxapex","|-singleturn|p1a: Toxapex|move: Protect","|move|p2a: Dracozolt|Bolt Beak|p1a: Toxapex","|-activate|p1a: Toxapex|move: Protect","|","|-damage|p2a: Dracozolt|244\/321 brn|[from] brn","|upkeep","|turn|19","|","|switch|p1a: Conkeldurr|Conkeldurr, F|408\/408","|move|p2a: Dracozolt|Bolt Beak|p1a: Conkeldurr","|-damage|p1a: Conkeldurr|102\/408","|","|-damage|p2a: Dracozolt|224\/321 brn|[from] brn","|upkeep","|turn|20","|","|move|p1a: Conkeldurr|Mach Punch|p2a: Dracozolt","|-damage|p2a: Dracozolt|148\/321 brn","|move|p2a: Dracozolt|Bolt Beak|p1a: Conkeldurr","|-damage|p1a: Conkeldurr|0 fnt","|faint|p1a: Conkeldurr","|","|-damage|p2a: Dracozolt|128\/321 brn|[from] brn","|upkeep","|","|switch|p1a: Grimmsnarl|Grimmsnarl, M|360\/360","|turn|21","|","|switch|p2a: Corviknight|Corviknight, F|397\/397","|-ability|p2a: Corviknight|Pressure","|move|p1a: Grimmsnarl|Substitute|p1a: Grimmsnarl","|-start|p1a: Grimmsnarl|Substitute","|-damage|p1a: Grimmsnarl|270\/360","|","|-heal|p1a: Grimmsnarl|292\/360|[from] item: Leftovers","|upkeep","|turn|22","|","|move|p1a: Grimmsnarl|Bulk Up|p1a: Grimmsnarl","|-boost|p1a: Grimmsnarl|atk|1","|-boost|p1a: Grimmsnarl|def|1","|move|p2a: Corviknight|Substitute|p2a: Corviknight","|-start|p2a: Corviknight|Substitute","|-damage|p2a: Corviknight|298\/397","|","|-heal|p1a: Grimmsnarl|314\/360|[from] item: Leftovers","|-heal|p2a: Corviknight|322\/397|[from] item: Leftovers","|upkeep","|turn|23","|","|move|p1a: Grimmsnarl|Darkest Lariat|p2a: Corviknight","|-end|p2a: Corviknight|Substitute","|move|p2a: Corviknight|Bulk Up|p2a: Corviknight","|-boost|p2a: Corviknight|atk|1","|-boost|p2a: Corviknight|def|1","|","|-heal|p1a: Grimmsnarl|336\/360|[from] item: Leftovers","|-heal|p2a: Corviknight|346\/397|[from] item: Leftovers","|upkeep","|turn|24","|","|move|p1a: Grimmsnarl|Darkest Lariat|p2a: Corviknight","|-damage|p2a: Corviknight|153\/397","|move|p2a: Corviknight|Bulk Up|p2a: Corviknight","|-boost|p2a: Corviknight|atk|1","|-boost|p2a: Corviknight|def|1","|","|-heal|p1a: Grimmsnarl|358\/360|[from] item: Leftovers","|-heal|p2a: Corviknight|177\/397|[from] item: Leftovers","|upkeep","|turn|25","|","|move|p1a: Grimmsnarl|Darkest Lariat|p2a: Corviknight","|-damage|p2a: Corviknight|0 fnt","|faint|p2a: Corviknight","|","|-heal|p1a: Grimmsnarl|360\/360|[from] item: Leftovers","|upkeep","|","|switch|p2a: C90 C90|Dracovish|241\/321","|turn|26","|","|move|p2a: C90 C90|Fishious Rend|p1a: Grimmsnarl","|-crit|p1a: Grimmsnarl","|-end|p1a: Grimmsnarl|Substitute","|move|p1a: Grimmsnarl|Spirit Break|p2a: C90 C90","|-supereffective|p2a: C90 C90","|-damage|p2a: C90 C90|0 fnt","|faint|p2a: C90 C90","|","|upkeep","|","|switch|p2a: cambio|Ditto|300\/300","|-transform|p2a: cambio|p1a: Grimmsnarl|[from] ability: Imposter","|turn|27","|","|move|p1a: Grimmsnarl|Substitute|p1a: Grimmsnarl","|-start|p1a: Grimmsnarl|Substitute","|-damage|p1a: Grimmsnarl|270\/360","|move|p2a: cambio|Spirit Break|p1a: Grimmsnarl","|-supereffective|p1a: Grimmsnarl","|-end|p1a: Grimmsnarl|Substitute","|","|-heal|p1a: Grimmsnarl|292\/360|[from] item: Leftovers","|upkeep","|turn|28","|","|switch|p1a: Toxapex|Toxapex, F|304\/304","|move|p2a: cambio|Spirit Break|p1a: Toxapex","|-resisted|p1a: Toxapex","|-damage|p1a: Toxapex|259\/304","|-unboost|p1a: Toxapex|spa|1","|","|-heal|p1a: Toxapex|278\/304|[from] item: Black Sludge","|upkeep","|turn|29","|","|switch|p2a: Dracozolt|Dracozolt|128\/321 brn","|move|p1a: Toxapex|Scald|p2a: Dracozolt","|-resisted|p2a: Dracozolt","|-damage|p2a: Dracozolt|101\/321 brn","|","|-heal|p1a: Toxapex|297\/304|[from] item: Black Sludge","|-damage|p2a: Dracozolt|81\/321 brn|[from] brn","|upkeep","|turn|30","|","|move|p1a: Toxapex|Baneful Bunker|p1a: Toxapex","|-singleturn|p1a: Toxapex|move: Protect","|move|p2a: Dracozolt|Bolt Beak|p1a: Toxapex","|-activate|p1a: Toxapex|move: Protect","|","|-heal|p1a: Toxapex|304\/304|[from] item: Black Sludge","|-damage|p2a: Dracozolt|61\/321 brn|[from] brn","|upkeep","|turn|31","|","|switch|p1a: Clefable|Clefable, M|332\/332","|move|p2a: Dracozolt|Bolt Beak|p1a: Clefable","|-damage|p1a: Clefable|0 fnt","|faint|p1a: Clefable","|","|-damage|p2a: Dracozolt|41\/321 brn|[from] brn","|upkeep","|","|switch|p1a: Dragapult|Dragapult, M|338\/362","|turn|32","|","|move|p1a: Dragapult|Substitute|p1a: Dragapult","|-start|p1a: Dragapult|Substitute","|-damage|p1a: Dragapult|248\/362","|move|p2a: Dracozolt|Bolt Beak|p1a: Dragapult|[miss]","|-miss|p2a: Dracozolt|p1a: Dragapult","|","|-heal|p1a: Dragapult|270\/362|[from] item: Leftovers","|-damage|p2a: Dracozolt|21\/321 brn|[from] brn","|upkeep","|turn|33","|-message|27338 forfeited.","|","|win|30528","|l|\u260627338","|raw|30528's rating: 1652 &rarr; <strong>1667<\/strong><br \/>(+15 for winning)","|raw|27338's rating: 1552 &rarr; <strong>1538<\/strong><br \/>(-14 for losing)",""],"p1":"30528","p1rating":1652,"p1team":[{"ability":"magicguard","evs":{"atk":0,"def":0,"hp":4,"spa":252,"spd":0,"spe":252},"happiness":160,"item":"lifeorb","ivs":{"atk":0,"def":31,"hp":31,"spa":31,"spd":31,"spe":31},"level":100,"moves":["moonblast","fireblast","thunderbolt","moonlight"],"name":"Clefable","nature":"Modest","species":"Clefable"},{"ability":"guts","evs":{"atk":48,"def":0,"hp":228,"spa":0,"spd":228,"spe":4},"happiness":160,"item":"assaultvest","ivs":{"atk":31,"def":31,"hp":31,"spa":31,"spd":31,"spe":31},"level":100,"moves":["earthquake","drainpunch","thunderpunch","machpunch"],"name":"Conkeldurr","nature":"Adamant","species":"Conkeldurr"},{"ability":"prankster","evs":{"atk":88,"def":136,"hp":116,"spa":0,"spd":0,"spe":168},"gender":"M","happiness":160,"item":"leftovers","ivs":{"atk":31,"def":31,"hp":31,"spa":31,"spd":31,"spe":31},"level":100,"moves":["bulkup","substitute","darkestlariat","spiritbreak"],"name":"Grimmsnarl","nature":"Adamant","species":"Grimmsnarl"},{"ability":"pressure","evs":{"atk":0,"def":72,"hp":212,"spa":0,"spd":112,"spe":112},"happiness":160,"item":"leftovers","ivs":{"atk":31,"def":31,"hp":31,"spa":31,"spd":31,"spe":31},"level":100,"moves":["bravebird","bulkup","defog","roost"],"name":"Corviknight","nature":"Impish","species":"Corviknight"},{"ability":"regenerator","evs":{"atk":0,"def":252,"hp":252,"spa":0,"spd":4,"spe":0},"happiness":160,"item":"blacksludge","ivs":{"atk":0,"def":31,"hp":31,"spa":31,"spd":31,"spe":31},"level":100,"moves":["banefulbunker","haze","recover","scald"],"name":"Toxapex","nature":"Bold","species":"Toxapex"},{"ability":"infiltrator","evs":{"atk":0,"def":0,"hp":180,"spa":224,"spd":84,"spe":20},"happiness":160,"item":"leftovers","ivs":{"atk":0,"def":31,"hp":31,"spa":31,"spd":31,"spe":31},"level":100,"moves":["hex","willowisp","substitute","disable"],"name":"Dragapult","nature":"Modest","species":"Dragapult"}],"p2":"27338","p2rating":1552,"p2team":[{"ability":"strongjaw","evs":{"atk":252,"def":4,"hp":0,"spa":0,"spd":0,"spe":252},"gender":"N","happiness":160,"item":"quickclaw","ivs":{"atk":31,"def":31,"hp":31,"spa":31,"spd":31,"spe":31},"level":100,"moves":["fishiousrend","psychicfangs","crunch","substitute"],"name":"C90 C90","nature":"Adamant","species":"dracovish"},{"ability":"hustle","evs":{"atk":252,"def":0,"hp":0,"spa":0,"spd":4,"spe":252},"gender":"N","happiness":160,"item":"choiceband","ivs":{"atk":31,"def":31,"hp":31,"spa":31,"spd":31,"spe":31},"level":100,"moves":["boltbeak","outrage","earthquake","firefang"],"name":"Dracozolt","nature":"Jolly","species":"Dracozolt"},{"ability":"blaze","evs":{"atk":252,"def":0,"hp":0,"spa":0,"spd":4,"spe":252},"gender":"M","happiness":160,"item":"heavydutyboots","ivs":{"atk":31,"def":31,"hp":31,"spa":31,"spd":31,"spe":31},"level":100,"moves":["taunt","superfang","courtchange","pyroball"],"name":"L","nature":"Jolly","species":"cinderace"},{"ability":"imposter","evs":{"atk":4,"def":252,"hp":252,"spa":0,"spd":0,"spe":0},"gender":"N","happiness":160,"item":"choicescarf","ivs":{"atk":31,"def":31,"hp":31,"spa":31,"spd":31,"spe":0},"level":100,"moves":["transform"],"name":"cambio","nature":"Relaxed","species":"ditto"},{"ability":"regenerator","evs":{"atk":0,"def":252,"hp":252,"spa":0,"spd":4,"spe":0},"happiness":160,"item":"blacksludge","ivs":{"atk":0,"def":31,"hp":31,"spa":31,"spd":31,"spe":31},"level":100,"moves":["scald","banefulbunker","haze","recover"],"name":"Toxapex","nature":"Bold","species":"Toxapex"},{"ability":"pressure","evs":{"atk":0,"def":0,"hp":240,"spa":0,"spd":216,"spe":52},"happiness":160,"item":"leftovers","ivs":{"atk":31,"def":31,"hp":31,"spa":31,"spd":31,"spe":31},"level":100,"moves":["substitute","bulkup","roost","bravebird"],"name":"Corviknight","nature":"Careful","species":"Corviknight"}],"roomid":100604,"score":[4,3],"seed":[40187,21971,44260,65467],"timestamp":"Mon Dec 30 2019 15:XX","turns":33,"winner":"30528","rated_battle":true,"average_rating":1602}