{"endType":"forfeit","format":"gen8ou","inputLog":[">version aa9f8c6b9cf4eca780a1296832ecd3b0009641e0",">version-origin 5e8529faaa5905c5f8e15eafaaefa806ee8c7d06",">start {\"formatid\":\"gen8ou\",\"seed\":[20424,2151,52084,26821],\"rated\":\"Rated battle\"}",">player p1 {\"\"name\":\"144826\",\"rating\":1455}",">player p2 {\"\"name\":\"44198\",\"rating\":1456}",">p1 team 4, 2, 3, 1, 5, 6",">p2 team 1, 2, 3, 4, 5, 6",">p1 move stealthrock",">p2 move toxicspikes",">p1 switch 6",">p2 switch 4",">p1 move earthquake",">p2 move moonblast"],"log":["|j|\u2606144826","|j|\u260644198","|player|p1|144826|marley|1455","|player|p2|44198|166|1456","|teamsize|p1|6","|teamsize|p2|6","|gametype|singles","|gen|8","|tier|[Gen 8] OU","|rated|","|rule|Sleep Clause Mod: Limit one foe put to sleep","|rule|Species Clause: Limit one of each Pok\u00e9mon","|rule|OHKO Clause: OHKO moves are banned","|rule|Evasion Moves Clause: Evasion moves are banned","|rule|Endless Battle Clause: Forcing endless battles is banned","|rule|HP Percentage Mod: HP is shown in percentages","|clearpoke","|poke|p1|Dragapult, F|","|poke|p1|Crawdaunt, F|","|poke|p1|Pelipper, F|","|poke|p1|Ferrothorn, F|","|poke|p1|Mantine, F|","|poke|p1|Conkeldurr, F|","|poke|p2|Toxapex, M|","|poke|p2|Dugtrio, F|","|poke|p2|Darmanitan-Galar, M|","|poke|p2|Clefable, M|","|poke|p2|Hydreigon, M|","|poke|p2|Mandibuzz, F|","|rule|Dynamax Clause: You cannot dynamax","|teampreview","|","|start","|switch|p1a: Ferrothorn|Ferrothorn, F|352\/352","|switch|p2a: Toxapex|Toxapex, M|304\/304","|turn|1","|j| Agent Lord Kiwi","|","|move|p2a: Toxapex|Toxic Spikes|p1a: Ferrothorn","|-sidestart144826|move: Toxic Spikes","|move|p1a: Ferrothorn|Stealth Rock|p2a: Toxapex","|-sidestart44198|move: Stealth Rock","|","|upkeep","|turn|2","|l| Agent Lord Kiwi","|","|switch|p2a: Clefable|Clefable, M|361\/361","|switch|p1a: Conkeldurr|Conkeldurr, F|410\/410","|-status|p1a: Conkeldurr|psn","|","|-damage|p1a: Conkeldurr|359\/410 psn|[from] psn","|upkeep","|turn|3","|","|move|p2a: Clefable|Moonblast|p1a: Conkeldurr","|-supereffective|p1a: Conkeldurr","|-damage|p1a: Conkeldurr|0 fnt","|faint|p1a: Conkeldurr","|","|upkeep","|-message|144826 forfeited.","|","|win|44198","|l|\u2606144826","|raw|144826's rating: 1455 &rarr; <strong>1435<\/strong><br \/>(-20 for losing)","|raw|44198's rating: 1456 &rarr; <strong>1476<\/strong><br \/>(+20 for winning)",""],"p1":"144826","p1rating":1455,"p1team":[{"ability":"infiltrator","evs":{"atk":0,"def":0,"hp":4,"spa":252,"spd":0,"spe":252},"happiness":160,"item":"choicespecs","ivs":{"atk":31,"def":31,"hp":31,"spa":31,"spd":31,"spe":31},"level":100,"moves":["dracometeor","thunder","uturn","shadowball"],"name":"Dragapult","nature":"Naive","species":"Dragapult"},{"ability":"adaptability","evs":{"atk":252,"def":0,"hp":4,"spa":0,"spd":0,"spe":252},"happiness":160,"item":"choiceband","ivs":{"atk":31,"def":31,"hp":31,"spa":31,"spd":31,"spe":31},"level":100,"moves":["aquajet","closecombat","crabhammer","knockoff"],"name":"Crawdaunt","nature":"Adamant","species":"Crawdaunt"},{"ability":"drizzle","evs":{"atk":0,"def":252,"hp":252,"spa":0,"spd":4,"spe":0},"happiness":160,"item":"damprock","ivs":{"atk":31,"def":31,"hp":31,"spa":31,"spd":31,"spe":31},"level":100,"moves":["scald","roost","hurricane","uturn"],"name":"Pelipper","nature":"Bold","species":"Pelipper"},{"ability":"ironbarbs","evs":{"atk":4,"def":252,"hp":252,"spa":0,"spd":0,"spe":0},"happiness":160,"item":"leftovers","ivs":{"atk":31,"def":31,"hp":31,"spa":31,"spd":31,"spe":0},"level":100,"moves":["stealthrock","spikes","gyroball","thunderwave"],"name":"Ferrothorn","nature":"Relaxed","species":"Ferrothorn"},{"ability":"swiftswim","evs":{"atk":0,"def":0,"hp":4,"spa":252,"spd":0,"spe":252},"happiness":160,"item":"choicespecs","ivs":{"atk":0,"def":31,"hp":31,"spa":31,"spd":31,"spe":31},"level":100,"moves":["hurricane","hydropump","icebeam","surf"],"name":"Mantine","nature":"Modest","species":"Mantine"},{"ability":"guts","evs":{"atk":252,"def":0,"hp":236,"spa":0,"spd":0,"spe":20},"happiness":160,"item":"flameorb","ivs":{"atk":31,"def":31,"hp":31,"spa":31,"spd":31,"spe":31},"level":100,"moves":["drainpunch","earthquake","machpunch","defog"],"name":"Conkeldurr","nature":"Adamant","species":"Conkeldurr"}],"p2":"44198","p2rating":1456,"p2team":[{"ability":"regenerator","evs":{"atk":0,"def":252,"hp":252,"spa":0,"spd":4,"spe":0},"happiness":160,"item":"blacksludge","ivs":{"atk":0,"def":31,"hp":31,"spa":31,"spd":31,"spe":31},"level":100,"moves":["banefulbunker","recover","toxicspikes","scald"],"name":"Toxapex","nature":"Bold","species":"Toxapex"},{"ability":"arenatrap","evs":{"atk":252,"def":0,"hp":0,"spa":0,"spd":4,"spe":252},"happiness":160,"item":"focussash","ivs":{"atk":31,"def":31,"hp":31,"spa":31,"spd":31,"spe":31},"level":100,"moves":["stealthrock","earthquake","memento","suckerpunch"],"name":"Dugtrio","nature":"Jolly","species":"Dugtrio"},{"ability":"gorillatactics","evs":{"atk":252,"def":0,"hp":0,"spa":0,"spd":4,"spe":252},"happiness":160,"item":"choicescarf","ivs":{"atk":31,"def":31,"hp":31,"spa":31,"spd":31,"spe":31},"level":100,"moves":["uturn","iciclecrash","flareblitz","earthquake"],"name":"Darmanitan","nature":"Jolly","species":"darmanitangalar"},{"ability":"magicguard","evs":{"atk":0,"def":0,"hp":120,"spa":252,"spd":0,"spe":136},"happiness":160,"item":"lifeorb","ivs":{"atk":0,"def":31,"hp":31,"spa":31,"spd":31,"spe":31},"level":100,"moves":["flamethrower","moonblast","thunderbolt","moonlight"],"name":"Clefable","nature":"Modest","species":"Clefable"},{"ability":"levitate","evs":{"atk":0,"def":0,"hp":0,"spa":252,"spd":4,"spe":252},"happiness":160,"item":"leftovers","ivs":{"atk":0,"def":31,"hp":31,"spa":31,"spd":31,"spe":31},"level":100,"moves":["substitute","nastyplot","flashcannon","darkpulse"],"name":"Hydreigon","nature":"Timid","species":"Hydreigon"},{"ability":"overcoat","evs":{"atk":0,"def":72,"hp":252,"spa":0,"spd":184,"spe":0},"gender":"F","happiness":160,"item":"heavydutyboots","ivs":{"atk":31,"def":31,"hp":31,"spa":31,"spd":31,"spe":30},"level":100,"moves":["defog","roost","uturn","knockoff"],"name":"Mandibuzz","nature":"Careful","species":"Mandibuzz"}],"roomid":1022914,"score":[5,6],"seed":[20424,2151,52084,26821],"timestamp":"Sat Dec 28 2019 13:XX","turns":3,"winner":"44198","rated_battle":true,"average_rating":1455}