{"endType":"forfeit","format":"gen8ou","inputLog":[">version aa9f8c6b9cf4eca780a1296832ecd3b0009641e0",">version-origin 5e8529faaa5905c5f8e15eafaaefa806ee8c7d06",">start {\"formatid\":\"gen8ou\",\"seed\":[20477,6497,29004,56646],\"rated\":\"Rated battle\"}",">player p1 {\"\"name\":\"144606\",\"rating\":1658}",">player p2 {\"\"name\":\"18870\",\"rating\":1549}",">p1 team 1, 2, 3, 4, 5, 6",">p2 team 2, 1, 3, 4, 5, 6",">p1 move earthquake",">p2 move closecombat",">p2 switch 6",">p1 switch 3",">p2 switch 2",">p1 switch 6",">p2 move calmmind",">p1 move mysticalfire",">p2 move moonblast",">p1 move mysticalfire",">p2 move moonblast",">p1 move psychic",">p2 move flamethrower",">p1 switch 3",">p1 move swordsdance",">p2 switch 3",">p1 move earthquake",">p2 move gyroball",">p1 move earthquake",">p2 move stealthrock",">p2 switch 4",">p1 switch 5",">p2 move quickattack",">p1 switch 5",">p2 switch 5",">p1 move earthquake",">p2 move scald",">p1 switch 2",">p2 switch 3",">p1 move shadowball",">p2 move moonblast",">p1 switch 4",">p1 move darkpulse",">p2 switch 5",">p1 move darkpulse",">p2 switch 5",">p2 switch 5",">p1 switch 5",">p2 move dracometeor",">p1 move strengthsap",">p2 move dracometeor",">p1 move nightshade",">p2 switch 2",">p1 move strengthsap",">p2 move fishiousrend",">p1 move nightshade",">p2 switch 2",">p1 move nightshade",">p2 move nightshade"],"log":["|j|\u2606144606","|j|\u260618870","|player|p1|144606|li|1658","|player|p2|18870|169|1549","|teamsize|p1|6","|teamsize|p2|6","|gametype|singles","|gen|8","|tier|[Gen 8] OU","|rated|","|rule|Sleep Clause Mod: Limit one foe put to sleep","|rule|Species Clause: Limit one of each Pok\u00e9mon","|rule|OHKO Clause: OHKO moves are banned","|rule|Evasion Moves Clause: Evasion moves are banned","|rule|Endless Battle Clause: Forcing endless battles is banned","|rule|HP Percentage Mod: HP is shown in percentages","|clearpoke","|poke|p1|Diggersby, F|","|poke|p1|Dragapult, M|","|poke|p1|Ferrothorn, M|","|poke|p1|Hydreigon, F|","|poke|p1|Corsola-Galar, F|","|poke|p1|Hatterene, F|","|poke|p2|Clefable, F|","|poke|p2|Sirfetch'd, M|","|poke|p2|Ferrothorn, M|","|poke|p2|Ditto|","|poke|p2|Toxapex, F|","|poke|p2|Dracovish|","|rule|Dynamax Clause: You cannot dynamax","|teampreview","|","|start","|switch|p1a: Dios|Diggersby, F|311\/311","|switch|p2a: Sirfetch'd|Sirfetch'd, M|265\/265","|turn|1","|","|move|p1a: Dios|Earthquake|p2a: Sirfetch'd","|-damage|p2a: Sirfetch'd|0 fnt","|-damage|p1a: Dios|280\/311|[from] item: Life Orb","|faint|p2a: Sirfetch'd","|","|upkeep","|","|switch|p2a: Dracovish|Dracovish|321\/321","|turn|2","|","|switch|p2a: Clefable|Clefable, F|331\/331","|switch|p1a: Ferrothorn|Ferrothorn, M|352\/352","|","|upkeep","|turn|3","|","|switch|p1a: Hatterene|Hatterene, F|318\/318","|move|p2a: Clefable|Calm Mind|p2a: Clefable","|-boost|p2a: Clefable|spa|1","|-boost|p2a: Clefable|spd|1","|","|upkeep","|turn|4","|","|move|p2a: Clefable|Moonblast|p1a: Hatterene","|-damage|p1a: Hatterene|127\/318","|move|p1a: Hatterene|Mystical Fire|p2a: Clefable","|-damage|p2a: Clefable|262\/331","|-unboost|p2a: Clefable|spa|1","|","|upkeep","|turn|5","|","|move|p2a: Clefable|Moonblast|p1a: Hatterene","|-damage|p1a: Hatterene|2\/318","|-unboost|p1a: Hatterene|spa|1","|move|p1a: Hatterene|Mystical Fire|p2a: Clefable","|-damage|p2a: Clefable|211\/331","|-unboost|p2a: Clefable|spa|1","|","|upkeep","|turn|6","|","|move|p2a: Clefable|Flamethrower|p1a: Hatterene","|-damage|p1a: Hatterene|0 fnt","|faint|p1a: Hatterene","|","|upkeep","|","|switch|p1a: Dios|Diggersby, F|280\/311","|turn|7","|","|switch|p2a: Ferrothorn|Ferrothorn, M, shiny|352\/352","|move|p1a: Dios|Swords Dance|p1a: Dios","|-boost|p1a: Dios|atk|2","|","|upkeep","|turn|8","|","|move|p1a: Dios|Earthquake|p2a: Ferrothorn","|-damage|p2a: Ferrothorn|17\/352","|-damage|p1a: Dios|249\/311|[from] item: Life Orb","|move|p2a: Ferrothorn|Gyro Ball|p1a: Dios","|-damage|p1a: Dios|56\/311","|","|-heal|p2a: Ferrothorn|39\/352|[from] item: Leftovers","|upkeep","|turn|9","|","|move|p1a: Dios|Earthquake|p2a: Ferrothorn","|-damage|p2a: Ferrothorn|0 fnt","|-damage|p1a: Dios|25\/311|[from] item: Life Orb","|faint|p2a: Ferrothorn","|","|upkeep","|","|switch|p2a: Ditto|Ditto, shiny|299\/299","|-transform|p2a: Ditto|p1a: Dios|[from] ability: Imposter","|turn|10","|","|switch|p1a: Corsola|Corsola-Galar, F|324\/324","|move|p2a: Ditto|Quick Attack|p1a: Corsola","|-immune|p1a: Corsola","|","|upkeep","|turn|11","|","|switch|p2a: Toxapex|Toxapex, F, shiny|304\/304","|switch|p1a: Dios|Diggersby, F|25\/311","|","|upkeep","|turn|12","|","|move|p1a: Dios|Earthquake|p2a: Toxapex","|-supereffective|p2a: Toxapex","|-damage|p2a: Toxapex|0 fnt","|-damage|p1a: Dios|0 fnt|[from] item: Life Orb","|faint|p2a: Toxapex","|faint|p1a: Dios","|","|upkeep","|","|switch|p1a: Dragapult|Dragapult, M|317\/317","|switch|p2a: Clefable|Clefable, F|211\/331","|turn|13","|","|move|p1a: Dragapult|Shadow Ball|p2a: Clefable","|-damage|p2a: Clefable|30\/331","|move|p2a: Clefable|Moonblast|p1a: Dragapult","|-supereffective|p1a: Dragapult","|-crit|p1a: Dragapult","|-damage|p1a: Dragapult|0 fnt","|faint|p1a: Dragapult","|","|upkeep","|","|switch|p1a: Hydreigon|Hydreigon, F|325\/325","|turn|14","|","|switch|p2a: Ditto|Ditto, shiny|299\/299","|-transform|p2a: Ditto|p1a: Hydreigon|[from] ability: Imposter","|move|p1a: Hydreigon|Dark Pulse|p2a: Ditto","|-resisted|p2a: Ditto","|-damage|p2a: Ditto|227\/299","|","|upkeep","|turn|15","|","|switch|p2a: Clefable|Clefable, F|30\/331","|move|p1a: Hydreigon|Dark Pulse|p2a: Clefable","|-resisted|p2a: Clefable","|-damage|p2a: Clefable|0 fnt","|faint|p2a: Clefable","|","|upkeep","|","|switch|p2a: Ditto|Ditto, shiny|227\/299","|-transform|p2a: Ditto|p1a: Hydreigon|[from] ability: Imposter","|turn|16","|","|switch|p1a: Corsola|Corsola-Galar, F|324\/324","|move|p2a: Ditto|Draco Meteor|p1a: Corsola","|-damage|p1a: Corsola|174\/324","|-unboost|p2a: Ditto|spa|2","|","|upkeep","|turn|17","|","|move|p2a: Ditto|Draco Meteor|p1a: Corsola","|-damage|p1a: Corsola|105\/324","|-start|p2a: Ditto|Disable|Draco Meteor|[from] ability: Cursed Body|[of] p1a: Corsola","|-unboost|p2a: Ditto|spa|2","|move|p1a: Corsola|Strength Sap|p2a: Ditto","|-unboost|p2a: Ditto|atk|1","|-heal|p1a: Corsola|324\/324","|","|upkeep","|turn|18","|","|switch|p2a: Dracovish|Dracovish|321\/321","|move|p1a: Corsola|Night Shade|p2a: Dracovish","|-damage|p2a: Dracovish|221\/321","|","|upkeep","|turn|19","|","|move|p2a: Dracovish|Fishious Rend|p1a: Corsola","|-damage|p1a: Corsola|140\/324","|-start|p2a: Dracovish|Disable|Fishious Rend|[from] ability: Cursed Body|[of] p1a: Corsola","|move|p1a: Corsola|Strength Sap|p2a: Dracovish","|-unboost|p2a: Dracovish|atk|1","|-heal|p1a: Corsola|324\/324","|","|upkeep","|turn|20","|","|switch|p2a: Ditto|Ditto, shiny|227\/299","|-transform|p2a: Ditto|p1a: Corsola|[from] ability: Imposter","|move|p1a: Corsola|Night Shade|p2a: Ditto","|-damage|p2a: Ditto|127\/299","|","|upkeep","|turn|21","|","|move|p2a: Ditto|Night Shade|p1a: Corsola","|-damage|p1a: Corsola|224\/324","|move|p1a: Corsola|Night Shade|p2a: Ditto","|-damage|p2a: Ditto|27\/299","|","|upkeep","|turn|22","|-message|18870 forfeited.","|","|win|144606","|l|\u260618870","|raw|144606's rating: 1658 &rarr; <strong>1672<\/strong><br \/>(+14 for winning)","|raw|18870's rating: 1549 &rarr; <strong>1535<\/strong><br \/>(-14 for losing)",""],"p1":"144606","p1rating":1658,"p1team":[{"ability":"hugepower","evs":{"atk":252,"def":4,"hp":0,"spa":0,"spd":0,"spe":252},"happiness":160,"item":"lifeorb","ivs":{"atk":31,"def":31,"hp":31,"spa":31,"spd":31,"spe":31},"level":100,"moves":["earthquake","quickattack","swordsdance","bodyslam"],"name":"Dios","nature":"Adamant","species":"diggersby"},{"ability":"infiltrator","evs":{"atk":0,"def":0,"hp":0,"spa":252,"spd":4,"spe":252},"happiness":160,"item":"choicespecs","ivs":{"atk":0,"def":31,"hp":31,"spa":31,"spd":31,"spe":31},"level":100,"moves":["dracometeor","shadowball","fireblast","thunderbolt"],"name":"Dragapult","nature":"Timid","species":"Dragapult"},{"ability":"ironbarbs","evs":{"atk":0,"def":252,"hp":252,"spa":0,"spd":0,"spe":0},"happiness":160,"item":"leftovers","ivs":{"atk":31,"def":31,"hp":31,"spa":31,"spd":31,"spe":31},"level":100,"moves":["spikes","leechseed","powerwhip","knockoff"],"name":"Ferrothorn","nature":"Impish","species":"Ferrothorn"},{"ability":"levitate","evs":{"atk":0,"def":4,"hp":0,"spa":252,"spd":0,"spe":252},"happiness":160,"item":"choicescarf","ivs":{"atk":31,"def":31,"hp":31,"spa":31,"spd":31,"spe":31},"level":100,"moves":["dracometeor","darkpulse","flashcannon","uturn"],"name":"Hydreigon","nature":"Timid","species":"Hydreigon"},{"ability":"cursedbody","evs":{"atk":0,"def":252,"hp":252,"spa":0,"spd":4,"spe":0},"happiness":160,"item":"eviolite","ivs":{"atk":0,"def":31,"hp":31,"spa":31,"spd":31,"spe":31},"level":100,"moves":["strengthsap","nightshade","willowisp","stealthrock"],"name":"Corsola","nature":"Bold","species":"corsolagalar"},{"ability":"magicbounce","evs":{"atk":0,"def":0,"hp":252,"spa":252,"spd":4,"spe":0},"gender":"F","happiness":160,"item":"assaultvest","ivs":{"atk":0,"def":31,"hp":31,"spa":31,"spd":31,"spe":31},"level":100,"moves":["psychic","dazzlinggleam","gigadrain","mysticalfire"],"name":"Hatterene","nature":"Modest","species":"Hatterene"}],"p2":"18870","p2rating":1549,"p2team":[{"ability":"magicguard","evs":{"atk":0,"def":0,"hp":0,"spa":252,"spd":4,"spe":252},"gender":"F","happiness":160,"item":"lifeorb","ivs":{"atk":0,"def":31,"hp":31,"spa":31,"spd":31,"spe":31},"level":100,"moves":["moonblast","calmmind","thunderbolt","flamethrower"],"name":"Clefable","nature":"Modest","species":"Clefable"},{"ability":"scrappy","evs":{"atk":252,"def":0,"hp":0,"spa":0,"spd":4,"spe":252},"gender":"M","happiness":160,"item":"choiceband","ivs":{"atk":31,"def":31,"hp":31,"spa":31,"spd":31,"spe":31},"level":100,"moves":["firstimpression","closecombat","poisonjab","bravebird"],"name":"Sirfetch'd","nature":"Jolly","species":"Sirfetch'd"},{"ability":"ironbarbs","evs":{"atk":4,"def":252,"hp":252,"spa":0,"spd":0,"spe":0},"gender":"M","happiness":160,"item":"leftovers","ivs":{"atk":31,"def":31,"hp":31,"spa":31,"spd":31,"spe":0},"level":100,"moves":["protect","leechseed","stealthrock","gyroball"],"name":"Ferrothorn","nature":"Relaxed","shiny":true,"species":"Ferrothorn"},{"ability":"imposter","evs":{"atk":8,"def":252,"hp":248,"spa":0,"spd":0,"spe":0},"gender":"N","happiness":160,"item":"choicescarf","ivs":{"atk":0,"def":31,"hp":31,"spa":31,"spd":31,"spe":31},"level":100,"moves":["transform"],"name":"Ditto","nature":"Impish","shiny":true,"species":"Ditto"},{"ability":"regenerator","evs":{"atk":0,"def":4,"hp":252,"spa":0,"spd":252,"spe":0},"gender":"F","happiness":160,"item":"blacksludge","ivs":{"atk":0,"def":31,"hp":31,"spa":31,"spd":31,"spe":31},"level":100,"moves":["toxic","scald","recover","haze"],"name":"Toxapex","nature":"Calm","shiny":true,"species":"Toxapex"},{"ability":"strongjaw","evs":{"atk":252,"def":4,"hp":0,"spa":0,"spd":0,"spe":252},"gender":"N","happiness":160,"item":"choicescarf","ivs":{"atk":31,"def":31,"hp":31,"spa":31,"spd":31,"spe":31},"level":100,"moves":["fishiousrend","crunch","psychicfangs","outrage"],"name":"Dracovish","nature":"Jolly","species":"Dracovish"}],"roomid":1015666,"score":[3,2],"seed":[20477,6497,29004,56646],"timestamp":"Sat Dec 28 2019 21:XX","turns":22,"winner":"144606","rated_battle":true,"average_rating":1603}