{"endType":"forfeit","format":"gen8ou","inputLog":[">version aa9f8c6b9cf4eca780a1296832ecd3b0009641e0",">version-origin 5e8529faaa5905c5f8e15eafaaefa806ee8c7d06",">start {\"formatid\":\"gen8ou\",\"seed\":[15919,49441,57474,634],\"rated\":\"Rated battle\"}",">player p1 {\"\"name\":\"19770\",\"rating\":1312}",">player p2 {\"\"name\":\"40745\",\"rating\":1377}",">p1 team 3, 2, 1, 4, 5, 6",">p2 team 5, 2, 3, 4, 1, 6",">p1 move earthquake",">p2 move uturn",">p2 switch 5",">p1 move stealthrock",">p2 switch 2",">p1 switch 6",">p2 move growth",">p1 move machpunch",">p2 move solarbeam",">p2 switch 5",">p1 move machpunch",">p2 move pyroball",">p1 switch 5",">p1 move suckerpunch",">p2 move pyroball",">p2 switch 6",">p1 switch 6",">p2 move spikes",">p1 move toxic",">p2 move spikes",">p1 move earthquake",">p2 move selfdestruct",">p2 switch 4",">p1 move toxic",">p2 move calmmind",">p1 move scald",">p2 move shadowball",">p1 move scald",">p2 move shadowball",">p1 switch 6",">p1 move suckerpunch",">p2 move shadowball",">p2 switch 2",">p1 move suckerpunch",">p2 move yawn",">p1 switch 4",">p2 move yawn",">p1 switch 2",">p2 move lavaplume",">p1 move dragondance",">p2 move lavaplume",">p1 move dragondarts",">p2 move lavaplume",">p1 switch 2",">p1 move bravebird",">p2 move lavaplume",">p2 switch 3",">p1 move defog",">p2 move mysticalfire",">p1 move roost",">p2 move wish",">p1 move bulkup",">p2 move mysticalfire"],"log":["|j|\u260619770","|j|\u260640745","|player|p1|19770|58|1312","|player|p2|40745|101|1377","|teamsize|p1|6","|teamsize|p2|6","|gametype|singles","|gen|8","|tier|[Gen 8] OU","|rated|","|rule|Sleep Clause Mod: Limit one foe put to sleep","|rule|Species Clause: Limit one of each Pok\u00e9mon","|rule|OHKO Clause: OHKO moves are banned","|rule|Evasion Moves Clause: Evasion moves are banned","|rule|Endless Battle Clause: Forcing endless battles is banned","|rule|HP Percentage Mod: HP is shown in percentages","|clearpoke","|poke|p1|Darmanitan-Galar, M|","|poke|p1|Dragapult, M|","|poke|p1|Seismitoad, M|","|poke|p1|Corviknight, F|","|poke|p1|Cinderace, M|","|poke|p1|Conkeldurr, M|","|poke|p2|Torkoal, M|","|poke|p2|Shiftry, M|","|poke|p2|Sylveon, F|","|poke|p2|Drifblim, M|","|poke|p2|Cinderace, F|","|poke|p2|Pincurchin, F|","|rule|Dynamax Clause: You cannot dynamax","|teampreview","|","|start","|switch|p1a: Seismitoad|Seismitoad, M|414\/414","|switch|p2a: Cinderace|Cinderace, F|301\/301","|turn|1","|","|move|p2a: Cinderace|U-turn|p1a: Seismitoad","|-damage|p1a: Seismitoad|350\/414","|","|switch|p2a: Torkoal|Torkoal, M|343\/343","|-weather|SunnyDay|[from] ability: Drought|[of] p2a: Torkoal","|move|p1a: Seismitoad|Earthquake|p2a: Torkoal","|-supereffective|p2a: Torkoal","|-damage|p2a: Torkoal|215\/343","|","|-weather|SunnyDay|[upkeep]","|-heal|p1a: Seismitoad|375\/414|[from] item: Leftovers","|upkeep","|turn|2","|","|switch|p2a: Shiftry|Shiftry, M|321\/321","|move|p1a: Seismitoad|Stealth Rock|p2a: Shiftry","|-sidestart40745|move: Stealth Rock","|","|-weather|SunnyDay|[upkeep]","|-heal|p1a: Seismitoad|400\/414|[from] item: Leftovers","|upkeep","|turn|3","|","|switch|p1a: Conkeldurr|Conkeldurr, M|414\/414","|move|p2a: Shiftry|Growth|p2a: Shiftry","|-boost|p2a: Shiftry|atk|2","|-boost|p2a: Shiftry|spa|2","|","|-weather|SunnyDay|[upkeep]","|-status|p1a: Conkeldurr|brn|[from] item: Flame Orb","|upkeep","|turn|4","|","|move|p1a: Conkeldurr|Mach Punch|p2a: Shiftry","|-supereffective|p2a: Shiftry","|-damage|p2a: Shiftry|0 fnt","|faint|p2a: Shiftry","|","|-weather|SunnyDay|[upkeep]","|-damage|p1a: Conkeldurr|389\/414 brn|[from] brn","|upkeep","|","|switch|p2a: Cinderace|Cinderace, F|301\/301","|-damage|p2a: Cinderace|226\/301|[from] Stealth Rock","|turn|5","|","|move|p1a: Conkeldurr|Mach Punch|p2a: Cinderace","|-damage|p2a: Cinderace|64\/301","|move|p2a: Cinderace|Pyro Ball|p1a: Conkeldurr","|-damage|p1a: Conkeldurr|0 fnt","|faint|p1a: Conkeldurr","|","|-weather|SunnyDay|[upkeep]","|upkeep","|","|switch|p1a: Cinderace|Cinderace, M|301\/301","|turn|6","|","|move|p1a: Cinderace|Sucker Punch|p2a: Cinderace","|-damage|p2a: Cinderace|0 fnt","|faint|p2a: Cinderace","|","|-weather|SunnyDay|[upkeep]","|upkeep","|","|switch|p2a: Pincurchin|Pincurchin, F|300\/300","|-damage|p2a: Pincurchin|263\/300|[from] Stealth Rock","|-fieldstart|move: Electric Terrain|[from] ability: Electric Surge|[of] p2a: Pincurchin","|turn|7","|","|switch|p1a: Seismitoad|Seismitoad, M|400\/414","|move|p2a: Pincurchin|Spikes|p1a: Seismitoad","|-sidestart19770|Spikes","|","|-weather|SunnyDay|[upkeep]","|-heal|p1a: Seismitoad|414\/414|[from] item: Leftovers","|upkeep","|turn|8","|","|move|p1a: Seismitoad|Toxic|p2a: Pincurchin","|-status|p2a: Pincurchin|tox","|move|p2a: Pincurchin|Spikes|p1a: Seismitoad","|-sidestart19770|Spikes","|","|-weather|none","|-damage|p2a: Pincurchin|245\/300 tox|[from] psn","|upkeep","|turn|9","|","|move|p1a: Seismitoad|Earthquake|p2a: Pincurchin","|-supereffective|p2a: Pincurchin","|-damage|p2a: Pincurchin|15\/300 tox","|move|p2a: Pincurchin|Self-Destruct|p1a: Seismitoad","|-damage|p1a: Seismitoad|170\/414","|faint|p2a: Pincurchin","|","|-heal|p1a: Seismitoad|195\/414|[from] item: Leftovers","|upkeep","|","|switch|p2a: Drifblim|Drifblim, M|441\/441","|-damage|p2a: Drifblim|331\/441|[from] Stealth Rock","|-enditem|p2a: Drifblim|Electric Seed","|-boost|p2a: Drifblim|def|1","|turn|10","|","|move|p2a: Drifblim|Calm Mind|p2a: Drifblim","|-boost|p2a: Drifblim|spa|1","|-boost|p2a: Drifblim|spd|1","|move|p1a: Seismitoad|Toxic|p2a: Drifblim","|-status|p2a: Drifblim|tox","|","|-heal|p1a: Seismitoad|220\/414|[from] item: Leftovers","|-damage|p2a: Drifblim|304\/441 tox|[from] psn","|upkeep","|turn|11","|","|move|p2a: Drifblim|Shadow Ball|p1a: Seismitoad","|-damage|p1a: Seismitoad|4\/414","|move|p1a: Seismitoad|Scald|p2a: Drifblim","|-damage|p2a: Drifblim|210\/441 tox","|","|-heal|p1a: Seismitoad|29\/414|[from] item: Leftovers","|-damage|p2a: Drifblim|156\/441 tox|[from] psn","|-fieldend|move: Electric Terrain","|upkeep","|turn|12","|","|move|p2a: Drifblim|Shadow Ball|p1a: Seismitoad","|-crit|p1a: Seismitoad","|-damage|p1a: Seismitoad|0 fnt","|faint|p1a: Seismitoad","|","|-damage|p2a: Drifblim|75\/441 tox|[from] psn","|upkeep","|","|switch|p1a: Cinderace|Cinderace, M|301\/301","|-damage|p1a: Cinderace|251\/301|[from] Spikes","|turn|13","|","|move|p1a: Cinderace|Sucker Punch|p2a: Drifblim","|-supereffective|p2a: Drifblim","|-crit|p2a: Drifblim","|-damage|p2a: Drifblim|0 fnt","|faint|p2a: Drifblim","|","|upkeep","|","|switch|p2a: Torkoal|Torkoal, M|215\/343","|-damage|p2a: Torkoal|130\/343|[from] Stealth Rock","|-weather|SunnyDay|[from] ability: Drought|[of] p2a: Torkoal","|turn|14","|","|move|p1a: Cinderace|Sucker Punch||[still]","|-fail|p1a: Cinderace","|move|p2a: Torkoal|Yawn|p1a: Cinderace","|-start|p1a: Cinderace|move: Yawn|[of] p2a: Torkoal","|","|-weather|SunnyDay|[upkeep]","|upkeep","|turn|15","|","|switch|p1a: Corviknight|Corviknight, F|400\/400","|-ability|p1a: Corviknight|Pressure","|move|p2a: Torkoal|Yawn|p1a: Corviknight","|-start|p1a: Corviknight|move: Yawn|[of] p2a: Torkoal","|","|-weather|SunnyDay|[upkeep]","|upkeep","|turn|16","|","|switch|p1a: Dragapult|Dragapult, M, shiny|317\/317","|-damage|p1a: Dragapult|265\/317|[from] Spikes","|move|p2a: Torkoal|Lava Plume|p1a: Dragapult","|-resisted|p1a: Dragapult","|-damage|p1a: Dragapult|181\/317","|-status|p1a: Dragapult|brn","|","|-weather|SunnyDay|[upkeep]","|-damage|p1a: Dragapult|162\/317 brn|[from] brn","|upkeep","|turn|17","|","|move|p1a: Dragapult|Dragon Dance|p1a: Dragapult","|-boost|p1a: Dragapult|atk|1","|-boost|p1a: Dragapult|spe|1","|move|p2a: Torkoal|Lava Plume|p1a: Dragapult","|-resisted|p1a: Dragapult","|-damage|p1a: Dragapult|78\/317 brn","|","|-weather|SunnyDay|[upkeep]","|-damage|p1a: Dragapult|59\/317 brn|[from] brn","|upkeep","|turn|18","|","|move|p1a: Dragapult|Dragon Darts|p2a: Torkoal","|-damage|p2a: Torkoal|82\/343","|-damage|p2a: Torkoal|31\/343","|-hitcount|p2a: Torkoal|2","|-damage|p1a: Dragapult|28\/317 brn|[from] item: Life Orb","|move|p2a: Torkoal|Lava Plume|p1a: Dragapult","|-resisted|p1a: Dragapult","|-damage|p1a: Dragapult|0 fnt","|faint|p1a: Dragapult","|","|-weather|SunnyDay|[upkeep]","|upkeep","|","|switch|p1a: Corviknight|Corviknight, F|400\/400","|-ability|p1a: Corviknight|Pressure","|turn|19","|","|move|p1a: Corviknight|Brave Bird|p2a: Torkoal","|-damage|p2a: Torkoal|0 fnt","|-damage|p1a: Corviknight|390\/400|[from] Recoil","|faint|p2a: Torkoal","|","|-weather|SunnyDay|[upkeep]","|-heal|p1a: Corviknight|400\/400|[from] item: Leftovers","|upkeep","|","|switch|p2a: Sylveon|Sylveon, F|394\/394","|-damage|p2a: Sylveon|345\/394|[from] Stealth Rock","|turn|20","|","|move|p1a: Corviknight|Defog|p2a: Sylveon","|-unboost|p2a: Sylveon|evasion|1","|-sideend40745|Stealth Rock|[from] move: Defog|[of] p1a: Corviknight","|-sideend19770|Spikes|[from] move: Defog|[of] p1a: Corviknight","|move|p2a: Sylveon|Mystical Fire|p1a: Corviknight","|-supereffective|p1a: Corviknight","|-damage|p1a: Corviknight|236\/400","|-unboost|p1a: Corviknight|spa|1","|","|-weather|SunnyDay|[upkeep]","|-heal|p1a: Corviknight|261\/400|[from] item: Leftovers","|-heal|p2a: Sylveon|369\/394|[from] item: Leftovers","|upkeep","|turn|21","|","|move|p1a: Corviknight|Roost|p1a: Corviknight","|-heal|p1a: Corviknight|400\/400","|-singleturn|p1a: Corviknight|move: Roost","|move|p2a: Sylveon|Wish|p2a: Sylveon","|","|-weather|none","|-heal|p2a: Sylveon|393\/394|[from] item: Leftovers","|upkeep","|turn|22","|","|move|p1a: Corviknight|Bulk Up|p1a: Corviknight","|-boost|p1a: Corviknight|atk|1","|-boost|p1a: Corviknight|def|1","|move|p2a: Sylveon|Mystical Fire|p1a: Corviknight","|-supereffective|p1a: Corviknight","|-damage|p1a: Corviknight|298\/400","|-unboost|p1a: Corviknight|spa|1","|","|-heal|p2a: Sylveon|394\/394|[from] move: Wish|[wisher] Sylveon","|-heal|p1a: Corviknight|323\/400|[from] item: Leftovers","|upkeep","|turn|23","|-message|40745 forfeited.","|","|win|19770","|l|\u260640745","|raw|19770's rating: 1312 &rarr; <strong>1337<\/strong><br \/>(+25 for winning)","|raw|40745's rating: 1400 &rarr; <strong>1375<\/strong><br \/>(-25 for losing)",""],"p1":"19770","p1rating":1312,"p1team":[{"ability":"gorillatactics","evs":{"atk":252,"def":0,"hp":0,"spa":0,"spd":4,"spe":252},"happiness":160,"hpType":"Fighting","item":"choiceband","ivs":{"atk":31,"def":31,"hp":31,"spa":31,"spd":31,"spe":31},"level":100,"moves":["flareblitz","iciclecrash","earthquake","uturn"],"name":"Darmanitan","nature":"Jolly","pokeball":"","species":"darmanitangalar"},{"ability":"clearbody","evs":{"atk":252,"def":0,"hp":0,"spa":0,"spd":4,"spe":252},"happiness":160,"item":"lifeorb","ivs":{"atk":31,"def":31,"hp":31,"spa":31,"spd":31,"spe":31},"level":100,"moves":["phantomforce","dragondarts","dragondance","suckerpunch"],"name":"Dragapult","nature":"Adamant","shiny":true,"species":"Dragapult"},{"ability":"waterabsorb","evs":{"atk":0,"def":252,"hp":252,"spa":0,"spd":4,"spe":0},"happiness":160,"item":"leftovers","ivs":{"atk":31,"def":31,"hp":31,"spa":31,"spd":31,"spe":31},"level":100,"moves":["toxic","stealthrock","scald","earthquake"],"name":"Seismitoad","nature":"Relaxed","species":"Seismitoad"},{"ability":"pressure","evs":{"atk":4,"def":0,"hp":252,"spa":0,"spd":252,"spe":0},"happiness":160,"item":"leftovers","ivs":{"atk":31,"def":31,"hp":31,"spa":31,"spd":31,"spe":31},"level":100,"moves":["roost","bulkup","defog","bravebird"],"name":"Corviknight","nature":"Careful","species":"Corviknight"},{"ability":"blaze","evs":{"atk":252,"def":0,"hp":0,"spa":0,"spd":4,"spe":252},"happiness":160,"item":"choiceband","ivs":{"atk":31,"def":31,"hp":31,"spa":31,"spd":31,"spe":31},"level":100,"moves":["pyroball","highjumpkick","uturn","suckerpunch"],"name":"Cinderace","nature":"Adamant","species":"Cinderace"},{"ability":"guts","evs":{"atk":252,"def":0,"hp":252,"spa":0,"spd":4,"spe":0},"happiness":160,"item":"flameorb","ivs":{"atk":31,"def":31,"hp":31,"spa":31,"spd":31,"spe":31},"level":100,"moves":["machpunch","drainpunch","facade","payback"],"name":"Conkeldurr","nature":"Adamant","species":"Conkeldurr"}],"p2":"40745","p2rating":1377,"p2team":[{"ability":"drought","evs":{"atk":0,"def":252,"hp":248,"spa":8,"spd":0,"spe":0},"happiness":160,"item":"heatrock","ivs":{"atk":0,"def":31,"hp":31,"spa":31,"spd":31,"spe":31},"level":100,"moves":["rapidspin","stealthrock","lavaplume","yawn"],"name":"Torkoal","nature":"Bold","species":"Torkoal"},{"ability":"chlorophyll","evs":{"atk":4,"def":0,"hp":0,"spa":252,"spd":0,"spe":252},"happiness":160,"item":"lifeorb","ivs":{"atk":31,"def":31,"hp":31,"spa":31,"spd":31,"spe":31},"level":100,"moves":["heatwave","solarbeam","growth","suckerpunch"],"name":"Shiftry","nature":"Mild","species":"Shiftry"},{"ability":"pixilate","evs":{"atk":0,"def":216,"hp":252,"spa":0,"spd":40,"spe":0},"happiness":160,"item":"leftovers","ivs":{"atk":0,"def":31,"hp":31,"spa":31,"spd":31,"spe":31},"level":100,"moves":["hypervoice","mysticalfire","wish","protect"],"name":"Sylveon","nature":"Bold","species":"Sylveon"},{"ability":"unburden","evs":{"atk":0,"def":0,"hp":0,"spa":252,"spd":4,"spe":252},"happiness":160,"item":"electricseed","ivs":{"atk":0,"def":31,"hp":31,"spa":31,"spd":31,"spe":31},"level":100,"moves":["thunderbolt","shadowball","willowisp","calmmind"],"name":"Drifblim","nature":"Modest","species":"Drifblim"},{"ability":"blaze","evs":{"atk":252,"def":0,"hp":0,"spa":0,"spd":4,"spe":252},"happiness":160,"item":"choicescarf","ivs":{"atk":31,"def":31,"hp":31,"spa":31,"spd":31,"spe":31},"level":100,"moves":["zenheadbutt","pyroball","highjumpkick","uturn"],"name":"Cinderace","nature":"Jolly","species":"Cinderace"},{"ability":"electricsurge","evs":{"atk":252,"def":0,"hp":252,"spa":0,"spd":4,"spe":0},"happiness":160,"item":"lifeorb","ivs":{"atk":31,"def":31,"hp":31,"spa":31,"spd":31,"spe":0},"level":100,"moves":["spikes","suckerpunch","selfdestruct","zingzap"],"name":"Pincurchin","nature":"Brave","species":"Pincurchin"}],"roomid":1021144,"score":[3,1],"seed":[15919,49441,57474,634],"timestamp":"Sat Dec 28 2019 10:XX","turns":23,"winner":"19770","rated_battle":true,"average_rating":1344}