{"endType":"forfeit","format":"gen8ou","inputLog":[">version aa9f8c6b9cf4eca780a1296832ecd3b0009641e0",">version-origin 5e8529faaa5905c5f8e15eafaaefa806ee8c7d06",">start {\"formatid\":\"gen8ou\",\"seed\":[16872,32110,65279,41765],\"rated\":\"Rated battle\"}",">player p1 {\"\"name\":\"28412\",\"rating\":1270}",">player p2 {\"\"name\":\"32223\",\"rating\":1215}",">p1 team 2, 1, 3, 4, 5, 6",">p2 team 2, 1, 3, 4, 5, 6",">p1 move ironhead",">p2 switch 6",">p1 switch 3",">p2 move foulplay",">p1 move rocktomb",">p2 move taunt",">p1 move rocktomb",">p2 move roost",">p1 switch 2",">p2 move roost",">p1 move iciclecrash",">p2 move foulplay",">p2 switch 4",">p1 switch 6",">p2 switch 5",">p1 move dracometeor",">p2 move uturn",">p2 switch 5",">p1 switch 3",">p2 move toxic",">p1 move stealthrock",">p2 switch 3",">p1 switch 2",">p2 move dracometeor",">p1 move crunch",">p2 switch 6"],"log":["|j|\u260628412","|j|\u260632223","|player|p1|28412|99|1270","|player|p2|32223|266|1215","|teamsize|p1|6","|teamsize|p2|6","|gametype|singles","|gen|8","|tier|[Gen 8] OU","|rated|","|rule|Sleep Clause Mod: Limit one foe put to sleep","|rule|Species Clause: Limit one of each Pok\u00e9mon","|rule|OHKO Clause: OHKO moves are banned","|rule|Evasion Moves Clause: Evasion moves are banned","|rule|Endless Battle Clause: Forcing endless battles is banned","|rule|HP Percentage Mod: HP is shown in percentages","|clearpoke","|poke|p1|Darmanitan-Galar, F|","|poke|p1|Excadrill, F|","|poke|p1|Tyranitar, M|","|poke|p1|Hawlucha, F|","|poke|p1|Corsola-Galar, F|","|poke|p1|Dragapult, M|","|poke|p2|Toxtricity-Low-Key, M|","|poke|p2|Darmanitan-Galar, M|","|poke|p2|Dragapult, M|","|poke|p2|Toxapex, M|","|poke|p2|Cinderace, F|","|poke|p2|Mandibuzz, F|","|rule|Dynamax Clause: You cannot dynamax","|teampreview","|","|start","|switch|p1a: Excadrill|Excadrill, F|361\/361","|switch|p2a: big head boi|Darmanitan-Galar, M, shiny|351\/351","|-ability|p1a: Excadrill|Mold Breaker","|turn|1","|","|switch|p2a: fly boi|Mandibuzz, F, shiny|424\/424","|move|p1a: Excadrill|Iron Head|p2a: fly boi","|-damage|p2a: fly boi|327\/424","|","|-heal|p2a: fly boi|353\/424|[from] item: Leftovers","|upkeep","|turn|2","|","|switch|p1a: Tyranitar|Tyranitar, M|404\/404","|-weather|Sandstorm|[from] ability: Sand Stream|[of] p1a: Tyranitar","|move|p2a: fly boi|Foul Play|p1a: Tyranitar","|-resisted|p1a: Tyranitar","|-damage|p1a: Tyranitar|324\/404","|","|-weather|Sandstorm|[upkeep]","|-heal|p2a: fly boi|379\/424|[from] item: Leftovers","|upkeep","|turn|3","|","|move|p2a: fly boi|Taunt|p1a: Tyranitar","|-start|p1a: Tyranitar|move: Taunt","|move|p1a: Tyranitar|Rock Tomb|p2a: fly boi","|-supereffective|p2a: fly boi","|-damage|p2a: fly boi|221\/424","|-unboost|p2a: fly boi|spe|1","|","|-weather|Sandstorm|[upkeep]","|-heal|p2a: fly boi|247\/424|[from] item: Leftovers","|upkeep","|turn|4","|","|move|p1a: Tyranitar|Rock Tomb|p2a: fly boi","|-supereffective|p2a: fly boi","|-damage|p2a: fly boi|71\/424","|-unboost|p2a: fly boi|spe|1","|move|p2a: fly boi|Roost|p2a: fly boi","|-heal|p2a: fly boi|283\/424","|-singleturn|p2a: fly boi|move: Roost","|","|-weather|Sandstorm|[upkeep]","|-heal|p2a: fly boi|309\/424|[from] item: Leftovers","|upkeep","|turn|5","|","|switch|p1a: Darmanitan|Darmanitan-Galar, F|351\/351","|move|p2a: fly boi|Roost|p2a: fly boi","|-heal|p2a: fly boi|424\/424","|-singleturn|p2a: fly boi|move: Roost","|","|-weather|Sandstorm|[upkeep]","|-damage|p1a: Darmanitan|330\/351|[from] Sandstorm","|upkeep","|turn|6","|","|move|p1a: Darmanitan|Icicle Crash|p2a: fly boi","|-supereffective|p2a: fly boi","|-crit|p2a: fly boi","|-damage|p2a: fly boi|0 fnt","|faint|p2a: fly boi","|","|-weather|none","|upkeep","|","|switch|p2a: campy boi|Toxapex, M, shiny|304\/304","|turn|7","|","|switch|p1a: Dragapult|Dragapult, M|317\/317","|switch|p2a: yeet boi|Cinderace, F|301\/301","|","|upkeep","|turn|8","|","|move|p1a: Dragapult|Draco Meteor|p2a: yeet boi","|-damage|p2a: yeet boi|0 fnt","|-unboost|p1a: Dragapult|spa|2","|faint|p2a: yeet boi","|","|upkeep","|","|switch|p2a: campy boi|Toxapex, M, shiny|304\/304","|turn|9","|","|switch|p1a: Excadrill|Excadrill, F|361\/361","|-ability|p1a: Excadrill|Mold Breaker","|move|p2a: campy boi|Toxic|p1a: Excadrill","|-immune|p1a: Excadrill","|","|upkeep","|turn|10","|","|switch|p2a: rocket boi|Dragapult, M, shiny|317\/317","|move|p1a: Excadrill|Stealth Rock|p2a: rocket boi","|-sidestart32223|move: Stealth Rock","|","|upkeep","|turn|11","|","|switch|p1a: Tyranitar|Tyranitar, M|324\/404","|-weather|Sandstorm|[from] ability: Sand Stream|[of] p1a: Tyranitar","|move|p2a: rocket boi|Draco Meteor|p1a: Tyranitar","|-damage|p1a: Tyranitar|189\/404","|-unboost|p2a: rocket boi|spa|2","|","|-weather|Sandstorm|[upkeep]","|-damage|p2a: rocket boi|298\/317|[from] Sandstorm","|upkeep","|turn|12","|","|switch|p2a: big head boi|Darmanitan-Galar, M, shiny|351\/351","|-damage|p2a: big head boi|264\/351|[from] Stealth Rock","|move|p1a: Tyranitar|Crunch|p2a: big head boi","|-crit|p2a: big head boi","|-damage|p2a: big head boi|0 fnt","|faint|p2a: big head boi","|","|-weather|Sandstorm|[upkeep]","|upkeep","|-message|32223 forfeited.","|","|win|28412","|l|\u260632223","|raw|28412's rating: 1270 &rarr; <strong>1291<\/strong><br \/>(+21 for winning)","|raw|32223's rating: 1215 &rarr; <strong>1194<\/strong><br \/>(-21 for losing)",""],"p1":"28412","p1rating":1270,"p1team":[{"ability":"gorillatactics","evs":{"atk":252,"def":0,"hp":0,"spa":0,"spd":4,"spe":252},"happiness":160,"item":"choicescarf","ivs":{"atk":31,"def":31,"hp":31,"spa":31,"spd":31,"spe":31},"level":100,"moves":["earthquake","iciclecrash","uturn","flareblitz"],"name":"Darmanitan","nature":"Jolly","species":"darmanitangalar"},{"ability":"moldbreaker","evs":{"atk":252,"def":0,"hp":0,"spa":0,"spd":4,"spe":252},"happiness":160,"item":"focussash","ivs":{"atk":31,"def":31,"hp":31,"spa":31,"spd":31,"spe":31},"level":100,"moves":["rapidspin","earthquake","ironhead","stealthrock"],"name":"Excadrill","nature":"Jolly","species":"Excadrill"},{"ability":"sandstream","evs":{"atk":252,"def":0,"hp":252,"spa":4,"spd":0,"spe":0},"happiness":160,"item":"assaultvest","ivs":{"atk":31,"def":31,"hp":31,"spa":31,"spd":31,"spe":31},"level":100,"moves":["earthquake","fireblast","rocktomb","crunch"],"name":"Tyranitar","nature":"Brave","species":"Tyranitar"},{"ability":"unburden","evs":{"atk":252,"def":0,"hp":0,"spa":0,"spd":4,"spe":252},"happiness":160,"item":"whiteherb","ivs":{"atk":31,"def":31,"hp":31,"spa":31,"spd":31,"spe":31},"level":100,"moves":["closecombat","acrobatics","swordsdance","throatchop"],"name":"Hawlucha","nature":"Adamant","species":"Hawlucha"},{"ability":"cursedbody","evs":{"atk":0,"def":0,"hp":252,"spa":4,"spd":252,"spe":0},"happiness":160,"item":"eviolite","ivs":{"atk":0,"def":31,"hp":31,"spa":31,"spd":31,"spe":31},"level":100,"moves":["willowisp","hex","haze","strengthsap"],"name":"Corsola","nature":"Calm","species":"corsolagalar"},{"ability":"infiltrator","evs":{"atk":0,"def":0,"hp":0,"spa":252,"spd":4,"spe":252},"happiness":160,"item":"choicespecs","ivs":{"atk":0,"def":31,"hp":31,"spa":31,"spd":31,"spe":31},"level":100,"moves":["shadowball","dracometeor","fireblast","thunderbolt"],"name":"Dragapult","nature":"Timid","species":"Dragapult"}],"p2":"32223","p2rating":1215,"p2team":[{"ability":"punkrock","evs":{"atk":0,"def":0,"hp":252,"spa":252,"spd":4,"spe":0},"happiness":160,"item":"choicespecs","ivs":{"atk":0,"def":31,"hp":31,"spa":31,"spd":31,"spe":31},"level":100,"moves":["boomburst","overdrive","voltswitch","sludgebomb"],"name":"lizard boi","nature":"Modest","shiny":true,"species":"toxtricitylowkey"},{"ability":"gorillatactics","evs":{"atk":252,"def":0,"hp":0,"spa":0,"spd":4,"spe":252},"happiness":160,"item":"choicescarf","ivs":{"atk":31,"def":31,"hp":31,"spa":31,"spd":31,"spe":31},"level":100,"moves":["superpower","iciclecrash","stoneedge","earthquake"],"name":"big head boi","nature":"Jolly","shiny":true,"species":"darmanitangalar"},{"ability":"infiltrator","evs":{"atk":0,"def":0,"hp":0,"spa":252,"spd":4,"spe":252},"happiness":160,"item":"choicespecs","ivs":{"atk":0,"def":31,"hp":31,"spa":31,"spd":31,"spe":31},"level":100,"moves":["shadowball","hydropump","dracometeor","fireblast"],"name":"rocket boi","nature":"Timid","shiny":true,"species":"dragapult"},{"ability":"regenerator","evs":{"atk":0,"def":4,"hp":252,"spa":0,"spd":252,"spe":0},"happiness":160,"item":"blacksludge","ivs":{"atk":0,"def":31,"hp":31,"spa":31,"spd":31,"spe":31},"level":100,"moves":["scald","toxic","haze","recover"],"name":"campy boi","nature":"Calm","shiny":true,"species":"toxapex"},{"ability":"blaze","evs":{"atk":252,"def":0,"hp":0,"spa":0,"spd":4,"spe":252},"happiness":160,"item":"heavydutyboots","ivs":{"atk":31,"def":31,"hp":31,"spa":31,"spd":31,"spe":31},"level":100,"moves":["pyroball","highjumpkick","uturn","courtchange"],"name":"yeet boi","nature":"Jolly","species":"cinderace"},{"ability":"overcoat","evs":{"atk":0,"def":252,"hp":252,"spa":0,"spd":4,"spe":0},"gender":"F","happiness":160,"item":"leftovers","ivs":{"atk":0,"def":31,"hp":31,"spa":31,"spd":31,"spe":31},"level":100,"moves":["foulplay","defog","roost","taunt"],"name":"fly boi","nature":"Bold","shiny":true,"species":"mandibuzz"}],"roomid":1021883,"score":[6,3],"seed":[16872,32110,65279,41765],"timestamp":"Sat Dec 28 2019 08:XX","turns":12,"winner":"28412","rated_battle":true,"average_rating":1242}