{"endType":"normal","format":"gen8ou","inputLog":[">version aa9f8c6b9cf4eca780a1296832ecd3b0009641e0",">version-origin 5e8529faaa5905c5f8e15eafaaefa806ee8c7d06",">start {\"formatid\":\"gen8ou\",\"seed\":[64217,41250,40341,49387],\"rated\":\"Rated battle\"}",">player p1 {\"\"name\":\"79582\",\"rating\":1238}",">player p2 {\"\"name\":\"6768\",\"rating\":1268}",">p1 team 6, 2, 3, 4, 5, 1",">p2 team 2, 1, 3, 4, 5, 6",">p1 move earthquake",">p2 switch 3",">p1 switch 5",">p2 move willowisp",">p1 move voltswitch",">p2 move firespin",">p1 switch 5",">p1 move earthquake",">p2 switch 4",">p1 switch 5",">p2 move stealthrock",">p1 move voltswitch",">p2 switch 6",">p1 switch 3",">p1 move stealthrock",">p2 move endure",">p1 move toxic",">p2 move earthpower",">p1 move scald",">p2 move ancientpower",">p2 switch 5",">p1 move protect",">p2 move shadowball",">p1 switch 4",">p2 move shadowball",">p1 move darkpulse",">p2 move kingsshield",">p1 move darkpulse",">p2 move steelbeam",">p1 switch 3",">p1 move voltswitch",">p2 move shadowsneak",">p1 switch 6",">p2 switch 6",">p1 move flamethrower",">p2 move leechseed",">p2 switch 3",">p1 switch 6",">p2 move swordsdance",">p1 move overheat",">p2 move suckerpunch",">p1 switch 6",">p1 move flamethrower",">p2 move ironhead",">p2 switch 4",">p1 move moonblast",">p2 move morningsun",">p1 switch 4",">p2 move firespin",">p1 move toxic",">p2 move burnup",">p1 move scald",">p2 move willowisp",">p1 move scald",">p2 move morningsun",">p1 move scald",">p2 switch 2",">p1 move scald",">p2 move clangoroussoul",">p1 move protect",">p2 move boomburst",">p1 move protect",">p2 move boomburst",">p1 move scald",">p2 move boomburst",">p1 switch 2",">p1 move bodypress",">p2 move aurasphere",">p2 switch 2"],"log":["|j|\u260679582","|j|\u26066768","|player|p1|79582|rancher|1238","|player|p2|6768|169|1268","|teamsize|p1|6","|teamsize|p2|6","|gametype|singles","|gen|8","|tier|[Gen 8] OU","|rated|","|rule|Sleep Clause Mod: Limit one foe put to sleep","|rule|Species Clause: Limit one of each Pok\u00e9mon","|rule|OHKO Clause: OHKO moves are banned","|rule|Evasion Moves Clause: Evasion moves are banned","|rule|Endless Battle Clause: Forcing endless battles is banned","|rule|HP Percentage Mod: HP is shown in percentages","|clearpoke","|poke|p1|Clefable, F|","|poke|p1|Corviknight, M|","|poke|p1|Seismitoad, M|","|poke|p1|Hydreigon, M|","|poke|p1|Rotom-Heat|","|poke|p1|Darmanitan-Galar, M|","|poke|p2|Kommo-o, M|","|poke|p2|Bisharp, F|","|poke|p2|Arcanine, F|","|poke|p2|Ferrothorn, F|","|poke|p2|Aegislash, F|","|poke|p2|Coalossal, F|","|rule|Dynamax Clause: You cannot dynamax","|teampreview","|","|start","|switch|p1a: Darmanitan|Darmanitan-Galar, M|351\/351","|switch|p2a: Bisharp|Bisharp, F|334\/334","|turn|1","|","|switch|p2a: Arcanine|Arcanine, F|384\/384","|-ability|p2a: Arcanine|Intimidate|boost","|-unboost|p1a: Darmanitan|atk|1","|move|p1a: Darmanitan|Earthquake|p2a: Arcanine","|-supereffective|p2a: Arcanine","|-damage|p2a: Arcanine|180\/384","|","|-heal|p2a: Arcanine|204\/384|[from] item: Leftovers","|upkeep","|turn|2","|","|switch|p1a: Rotom|Rotom-Heat|304\/304","|move|p2a: Arcanine|Will-O-Wisp|p1a: Rotom","|-immune|p1a: Rotom","|","|-heal|p2a: Arcanine|228\/384|[from] item: Leftovers","|upkeep","|turn|3","|","|move|p2a: Arcanine|Fire Spin|p1a: Rotom","|-resisted|p1a: Rotom","|-damage|p1a: Rotom|286\/304","|-activate|p1a: Rotom|move: Fire Spin|[of] p2a: Arcanine","|move|p1a: Rotom|Volt Switch|p2a: Arcanine","|-damage|p2a: Arcanine|120\/384","|","|switch|p1a: Darmanitan|Darmanitan-Galar, M|351\/351","|","|-heal|p2a: Arcanine|144\/384|[from] item: Leftovers","|upkeep","|turn|4","|","|switch|p2a: Fireproof|Ferrothorn, F|351\/351","|move|p1a: Darmanitan|Earthquake|p2a: Fireproof","|-damage|p2a: Fireproof|243\/351","|","|upkeep","|turn|5","|","|switch|p1a: Rotom|Rotom-Heat|286\/304","|move|p2a: Fireproof|Stealth Rock|p1a: Rotom","|-sidestart79582|move: Stealth Rock","|","|upkeep","|turn|6","|","|switch|p2a: Coalossal|Coalossal, F|424\/424","|move|p1a: Rotom|Volt Switch|p2a: Coalossal","|-damage|p2a: Coalossal|333\/424","|","|switch|p1a: Seismitoad|Seismitoad, M|414\/414","|-damage|p1a: Seismitoad|389\/414|[from] Stealth Rock","|","|-heal|p1a: Seismitoad|414\/414|[from] item: Leftovers","|upkeep","|turn|7","|","|move|p2a: Coalossal|Endure|p2a: Coalossal","|-singleturn|p2a: Coalossal|move: Endure","|move|p1a: Seismitoad|Stealth Rock|p2a: Coalossal","|-sidestart6768|move: Stealth Rock","|","|upkeep","|turn|8","|","|move|p1a: Seismitoad|Toxic|p2a: Coalossal","|-status|p2a: Coalossal|tox","|move|p2a: Coalossal|Earth Power|p1a: Seismitoad","|-damage|p1a: Seismitoad|311\/414","|","|-heal|p1a: Seismitoad|336\/414|[from] item: Leftovers","|-damage|p2a: Coalossal|307\/424 tox|[from] psn","|upkeep","|turn|9","|","|move|p1a: Seismitoad|Scald|p2a: Coalossal","|-supereffective|p2a: Coalossal","|-damage|p2a: Coalossal|0 fnt","|faint|p2a: Coalossal","|","|-heal|p1a: Seismitoad|361\/414|[from] item: Leftovers","|upkeep","|","|switch|p2a: Beauty and the Bea|Aegislash, F|324\/324","|-damage|p2a: Beauty and the Bea|304\/324|[from] Stealth Rock","|turn|10","|","|move|p1a: Seismitoad|Protect|p1a: Seismitoad","|-singleturn|p1a: Seismitoad|Protect","|-formechange|p2a: Beauty and the Bea|Aegislash-Blade||[from] ability: Stance Change","|move|p2a: Beauty and the Bea|Shadow Ball|p1a: Seismitoad","|-activate|p1a: Seismitoad|move: Protect","|","|-heal|p1a: Seismitoad|386\/414|[from] item: Leftovers","|upkeep","|turn|11","|","|switch|p1a: Hydreigon|Hydreigon, M|325\/325","|-damage|p1a: Hydreigon|285\/325|[from] Stealth Rock","|move|p2a: Beauty and the Bea|Shadow Ball|p1a: Hydreigon","|-resisted|p1a: Hydreigon","|-damage|p1a: Hydreigon|200\/325","|","|-heal|p1a: Hydreigon|220\/325|[from] item: Leftovers","|upkeep","|turn|12","|","|-formechange|p2a: Beauty and the Bea|Aegislash||[from] ability: Stance Change","|move|p2a: Beauty and the Bea|King's Shield|p2a: Beauty and the Bea","|-singleturn|p2a: Beauty and the Bea|Protect","|move|p1a: Hydreigon|Dark Pulse|p2a: Beauty and the Bea","|-activate|p2a: Beauty and the Bea|move: Protect","|","|-heal|p1a: Hydreigon|240\/325|[from] item: Leftovers","|upkeep","|turn|13","|","|move|p1a: Hydreigon|Dark Pulse|p2a: Beauty and the Bea","|-supereffective|p2a: Beauty and the Bea","|-damage|p2a: Beauty and the Bea|94\/324","|-enditem|p2a: Beauty and the Bea|Sitrus Berry|[eat]","|-heal|p2a: Beauty and the Bea|175\/324|[from] item: Sitrus Berry","|-formechange|p2a: Beauty and the Bea|Aegislash-Blade||[from] ability: Stance Change","|move|p2a: Beauty and the Bea|Steel Beam|p1a: Hydreigon","|-damage|p1a: Hydreigon|0 fnt","|-damage|p2a: Beauty and the Bea|13\/324|[from] mindblown","|faint|p1a: Hydreigon","|","|upkeep","|","|switch|p1a: Rotom|Rotom-Heat|286\/304","|turn|14","|","|move|p2a: Beauty and the Bea|Shadow Sneak|p1a: Rotom","|-damage|p1a: Rotom|234\/304","|move|p1a: Rotom|Volt Switch|p2a: Beauty and the Bea","|-damage|p2a: Beauty and the Bea|0 fnt","|faint|p2a: Beauty and the Bea","|","|switch|p1a: Clefable|Clefable, F|331\/331","|","|upkeep","|","|switch|p2a: Fireproof|Ferrothorn, F|243\/351","|-damage|p2a: Fireproof|222\/351|[from] Stealth Rock","|turn|15","|","|move|p1a: Clefable|Flamethrower|p2a: Fireproof","|-supereffective|p2a: Fireproof","|-damage|p2a: Fireproof|0 fnt","|faint|p2a: Fireproof","|","|upkeep","|","|switch|p2a: Bisharp|Bisharp, F|334\/334","|-damage|p2a: Bisharp|314\/334|[from] Stealth Rock","|turn|16","|","|switch|p1a: Rotom|Rotom-Heat|234\/304","|move|p2a: Bisharp|Swords Dance|p2a: Bisharp","|-boost|p2a: Bisharp|atk|2","|","|upkeep","|turn|17","|","|move|p2a: Bisharp|Sucker Punch|p1a: Rotom","|-damage|p1a: Rotom|0 fnt","|-damage|p2a: Bisharp|281\/334|[from] item: Life Orb","|faint|p1a: Rotom","|","|upkeep","|","|switch|p1a: Clefable|Clefable, F|331\/331","|turn|18","|","|move|p1a: Clefable|Flamethrower|p2a: Bisharp","|-supereffective|p2a: Bisharp","|-damage|p2a: Bisharp|0 fnt","|faint|p2a: Bisharp","|","|upkeep","|","|switch|p2a: Arcanine|Arcanine, F|144\/384","|-damage|p2a: Arcanine|48\/384|[from] Stealth Rock","|-ability|p2a: Arcanine|Intimidate|boost","|-unboost|p1a: Clefable|atk|1","|turn|19","|","|move|p2a: Arcanine|Morning Sun|p2a: Arcanine","|-heal|p2a: Arcanine|240\/384","|move|p1a: Clefable|Moonblast|p2a: Arcanine","|-resisted|p2a: Arcanine","|-damage|p2a: Arcanine|124\/384","|","|-heal|p2a: Arcanine|148\/384|[from] item: Leftovers","|upkeep","|turn|20","|","|switch|p1a: Seismitoad|Seismitoad, M|386\/414","|-damage|p1a: Seismitoad|361\/414|[from] Stealth Rock","|move|p2a: Arcanine|Fire Spin|p1a: Seismitoad","|-resisted|p1a: Seismitoad","|-damage|p1a: Seismitoad|336\/414","|-activate|p1a: Seismitoad|move: Fire Spin|[of] p2a: Arcanine","|","|-heal|p2a: Arcanine|172\/384|[from] item: Leftovers","|-heal|p1a: Seismitoad|361\/414|[from] item: Leftovers","|-damage|p1a: Seismitoad|310\/414|[from] move: Fire Spin|[partiallytrapped]","|upkeep","|turn|21","|","|move|p2a: Arcanine|Burn Up|p1a: Seismitoad","|-resisted|p1a: Seismitoad","|-damage|p1a: Seismitoad|210\/414","|-start|p2a: Arcanine|typechange|???|[from] move: Burn Up","|move|p1a: Seismitoad|Toxic|p2a: Arcanine","|-status|p2a: Arcanine|tox","|","|-heal|p2a: Arcanine|196\/384 tox|[from] item: Leftovers","|-heal|p1a: Seismitoad|235\/414|[from] item: Leftovers","|-damage|p2a: Arcanine|172\/384 tox|[from] psn","|-damage|p1a: Seismitoad|184\/414|[from] move: Fire Spin|[partiallytrapped]","|upkeep","|turn|22","|","|move|p2a: Arcanine|Will-O-Wisp|p1a: Seismitoad","|-status|p1a: Seismitoad|brn","|move|p1a: Seismitoad|Scald|p2a: Arcanine","|-damage|p2a: Arcanine|67\/384 tox","|","|-heal|p2a: Arcanine|91\/384 tox|[from] item: Leftovers","|-heal|p1a: Seismitoad|209\/414 brn|[from] item: Leftovers","|-damage|p2a: Arcanine|43\/384 tox|[from] psn","|-damage|p1a: Seismitoad|184\/414 brn|[from] brn","|-damage|p1a: Seismitoad|133\/414 brn|[from] move: Fire Spin|[partiallytrapped]","|upkeep","|turn|23","|","|move|p2a: Arcanine|Morning Sun|p2a: Arcanine","|-heal|p2a: Arcanine|235\/384 tox","|move|p1a: Seismitoad|Scald|p2a: Arcanine","|-damage|p2a: Arcanine|133\/384 tox","|","|-heal|p2a: Arcanine|157\/384 tox|[from] item: Leftovers","|-heal|p1a: Seismitoad|158\/414 brn|[from] item: Leftovers","|-damage|p2a: Arcanine|85\/384 tox|[from] psn","|-damage|p1a: Seismitoad|133\/414 brn|[from] brn","|-damage|p1a: Seismitoad|82\/414 brn|[from] move: Fire Spin|[partiallytrapped]","|upkeep","|turn|24","|","|switch|p2a: Cough-Cough|Kommo-o, M|291\/291","|-damage|p2a: Cough-Cough|273\/291|[from] Stealth Rock","|move|p1a: Seismitoad|Scald|p2a: Cough-Cough","|-resisted|p2a: Cough-Cough","|-damage|p2a: Cough-Cough|235\/291","|-status|p2a: Cough-Cough|brn","|","|-heal|p1a: Seismitoad|107\/414 brn|[from] item: Leftovers","|-damage|p2a: Cough-Cough|217\/291 brn|[from] brn","|-damage|p1a: Seismitoad|82\/414 brn|[from] brn","|-end|p1a: Seismitoad|Fire Spin|[partiallytrapped]|[silent]","|upkeep","|turn|25","|","|move|p2a: Cough-Cough|Clangorous Soul|p2a: Cough-Cough","|-boost|p2a: Cough-Cough|atk|1","|-boost|p2a: Cough-Cough|def|1","|-boost|p2a: Cough-Cough|spa|1","|-boost|p2a: Cough-Cough|spd|1","|-boost|p2a: Cough-Cough|spe|1","|-damage|p2a: Cough-Cough|120\/291 brn","|-enditem|p2a: Cough-Cough|Throat Spray","|-boost|p2a: Cough-Cough|spa|1","|move|p1a: Seismitoad|Scald|p2a: Cough-Cough","|-resisted|p2a: Cough-Cough","|-damage|p2a: Cough-Cough|94\/291 brn","|","|-heal|p1a: Seismitoad|107\/414 brn|[from] item: Leftovers","|-damage|p2a: Cough-Cough|76\/291 brn|[from] brn","|-damage|p1a: Seismitoad|82\/414 brn|[from] brn","|upkeep","|turn|26","|","|move|p1a: Seismitoad|Protect|p1a: Seismitoad","|-singleturn|p1a: Seismitoad|Protect","|move|p2a: Cough-Cough|Boomburst|p1a: Seismitoad","|-activate|p1a: Seismitoad|move: Protect","|","|-heal|p1a: Seismitoad|107\/414 brn|[from] item: Leftovers","|-damage|p2a: Cough-Cough|58\/291 brn|[from] brn","|-damage|p1a: Seismitoad|82\/414 brn|[from] brn","|upkeep","|turn|27","|","|move|p1a: Seismitoad|Protect|p1a: Seismitoad","|-singleturn|p1a: Seismitoad|Protect","|move|p2a: Cough-Cough|Boomburst|p1a: Seismitoad","|-activate|p1a: Seismitoad|move: Protect","|","|-heal|p1a: Seismitoad|107\/414 brn|[from] item: Leftovers","|-damage|p2a: Cough-Cough|40\/291 brn|[from] brn","|-damage|p1a: Seismitoad|82\/414 brn|[from] brn","|upkeep","|turn|28","|","|move|p2a: Cough-Cough|Boomburst|p1a: Seismitoad","|-damage|p1a: Seismitoad|0 fnt","|faint|p1a: Seismitoad","|","|-damage|p2a: Cough-Cough|22\/291 brn|[from] brn","|upkeep","|","|switch|p1a: Corviknight|Corviknight, M|400\/400","|-damage|p1a: Corviknight|350\/400|[from] Stealth Rock","|-ability|p1a: Corviknight|Pressure","|turn|29","|","|move|p2a: Cough-Cough|Aura Sphere|p1a: Corviknight","|-damage|p1a: Corviknight|164\/400","|move|p1a: Corviknight|Body Press|p2a: Cough-Cough","|-damage|p2a: Cough-Cough|0 fnt","|faint|p2a: Cough-Cough","|","|-heal|p1a: Corviknight|189\/400|[from] item: Leftovers","|upkeep","|","|switch|p2a: Arcanine|Arcanine, F|85\/384 tox","|-damage|p2a: Arcanine|0 fnt|[from] Stealth Rock","|faint|p2a: Arcanine","|","|win|79582","|l|\u26066768","|raw|79582's rating: 1238 &rarr; <strong>1266<\/strong><br \/>(+28 for winning)","|raw|6768's rating: 1269 &rarr; <strong>1241<\/strong><br \/>(-28 for losing)",""],"p1":"79582","p1rating":1238,"p1team":[{"ability":"magicguard","evs":{"atk":0,"def":0,"hp":0,"spa":252,"spd":56,"spe":200},"happiness":160,"item":"lifeorb","ivs":{"atk":0,"def":31,"hp":31,"spa":31,"spd":31,"spe":31},"level":100,"moves":["moonblast","flamethrower","thunderbolt","moonlight"],"name":"Clefable","nature":"Modest","species":"Clefable"},{"ability":"pressure","evs":{"atk":0,"def":0,"hp":252,"spa":0,"spd":236,"spe":20},"happiness":160,"item":"leftovers","ivs":{"atk":31,"def":31,"hp":31,"spa":31,"spd":31,"spe":31},"level":100,"moves":["bodypress","uturn","defog","roost"],"name":"Corviknight","nature":"Careful","species":"Corviknight"},{"ability":"waterabsorb","evs":{"atk":0,"def":252,"hp":252,"spa":0,"spd":4,"spe":0},"happiness":160,"item":"leftovers","ivs":{"atk":0,"def":31,"hp":31,"spa":31,"spd":31,"spe":31},"level":100,"moves":["stealthrock","scald","protect","toxic"],"name":"Seismitoad","nature":"Bold","species":"Seismitoad"},{"ability":"levitate","evs":{"atk":0,"def":0,"hp":0,"spa":252,"spd":4,"spe":252},"happiness":160,"item":"leftovers","ivs":{"atk":0,"def":31,"hp":31,"spa":31,"spd":31,"spe":31},"level":100,"moves":["darkpulse","flashcannon","nastyplot","substitute"],"name":"Hydreigon","nature":"Timid","species":"Hydreigon"},{"ability":"levitate","evs":{"atk":0,"def":104,"hp":252,"spa":0,"spd":104,"spe":48},"gender":"N","happiness":160,"item":"heavydutyboots","ivs":{"atk":0,"def":31,"hp":31,"spa":31,"spd":31,"spe":31},"level":100,"moves":["voltswitch","overheat","nastyplot","willowisp"],"name":"Rotom","nature":"Bold","species":"rotomheat"},{"ability":"gorillatactics","evs":{"atk":252,"def":0,"hp":0,"spa":0,"spd":4,"spe":252},"happiness":160,"item":"choicescarf","ivs":{"atk":31,"def":31,"hp":31,"spa":31,"spd":31,"spe":31},"level":100,"moves":["iciclecrash","earthquake","flareblitz","uturn"],"name":"Darmanitan","nature":"Jolly","species":"darmanitangalar"}],"p2":"6768","p2rating":1268,"p2team":[{"ability":"soundproof","evs":{"atk":0,"def":0,"hp":0,"spa":252,"spd":4,"spe":252},"happiness":160,"item":"throatspray","ivs":{"atk":0,"def":31,"hp":31,"spa":31,"spd":31,"spe":31},"level":100,"moves":["clangoroussoul","aurasphere","clangingscales","boomburst"],"name":"Cough-Cough","nature":"Timid","species":"kommoo"},{"ability":"defiant","evs":{"atk":252,"def":0,"hp":252,"spa":0,"spd":0,"spe":0},"happiness":160,"item":"lifeorb","ivs":{"atk":31,"def":31,"hp":31,"spa":31,"spd":31,"spe":31},"level":100,"moves":["swordsdance","suckerpunch","ironhead","lowkick"],"name":"Bisharp","nature":"Adamant","species":"Bisharp"},{"ability":"intimidate","evs":{"atk":0,"def":252,"hp":252,"spa":4,"spd":0,"spe":0},"happiness":160,"item":"leftovers","ivs":{"atk":0,"def":31,"hp":31,"spa":31,"spd":31,"spe":31},"level":100,"moves":["willowisp","morningsun","burnup","firespin"],"name":"Arcanine","nature":"Bold","species":"Arcanine"},{"ability":"ironbarbs","evs":{"atk":8,"def":252,"hp":248,"spa":0,"spd":0,"spe":0},"happiness":160,"item":"rockyhelmet","ivs":{"atk":31,"def":31,"hp":31,"spa":31,"spd":31,"spe":0},"level":100,"moves":["stealthrock","spikes","gyroball","leechseed"],"name":"Fireproof","nature":"Relaxed","species":"ferrothorn"},{"ability":"stancechange","evs":{"atk":0,"def":0,"hp":252,"spa":252,"spd":4,"spe":0},"happiness":160,"item":"sitrusberry","ivs":{"atk":31,"def":31,"hp":31,"spa":31,"spd":31,"spe":31},"level":100,"moves":["shadowsneak","shadowball","kingsshield","steelbeam"],"name":"Beauty and the Bea","nature":"Quiet","species":"aegislash"},{"ability":"steamengine","evs":{"atk":0,"def":0,"hp":252,"spa":252,"spd":0,"spe":4},"happiness":160,"item":"weaknesspolicy","ivs":{"atk":0,"def":31,"hp":31,"spa":31,"spd":31,"spe":31},"level":100,"moves":["endure","ancientpower","flamethrower","earthpower"],"name":"Coalossal","nature":"Modest","species":"Coalossal"}],"roomid":1020004,"score":[3,0],"seed":[64217,41250,40341,49387],"timestamp":"Sat Dec 28 2019 22:XX","turns":29,"winner":"79582","rated_battle":true,"average_rating":1253}