{"endType":"forfeit","format":"gen8ou","inputLog":[">version aa9f8c6b9cf4eca780a1296832ecd3b0009641e0",">version-origin 5e8529faaa5905c5f8e15eafaaefa806ee8c7d06",">start {\"formatid\":\"gen8ou\",\"seed\":[46625,43996,58611,3794],\"rated\":\"Rated battle\"}",">player p1 {\"\"name\":\"27975\",\"rating\":1628}",">player p2 {\"\"name\":\"27426\",\"rating\":1648}",">p1 team 2, 1, 3, 4, 5, 6",">p2 team 4, 2, 3, 1, 5, 6",">p1 move stickyweb",">p2 move flashcannon",">p1 move finalgambit",">p2 move flashcannon",">p1 switch 2",">p1 move mysticalfire",">p2 move flashcannon",">p2 switch 3",">p1 move calmmind",">p2 move calmmind",">p1 move mysticalfire",">p2 move calmmind",">p1 move mysticalfire",">p2 move mysticalfire",">p1 move mysticalfire",">p2 move mysticalfire",">p1 switch 3",">p2 move mysticalfire",">p1 move dragondance",">p2 move calmmind",">p1 move playrough",">p2 move calmmind",">p1 move playrough",">p2 move drainingkiss",">p2 switch 2",">p1 move playrough",">p2 move suckerpunch",">p1 switch 3",">p1 move psychic",">p2 switch 4",">p1 move mysticalfire",">p2 move firepunch",">p1 switch 6",">p1 move icepunch",">p2 switch 5",">p1 switch 4",">p2 move scald",">p1 move shellsmash",">p2 switch 4",">p1 move shadowball",">p2 move dragondarts",">p2 switch 6",">p1 move shadowball",">p2 move gyroball",">p1 switch 5",">p1 move swordsdance",">p2 move leechseed",">p1 move swordsdance",">p2 move gyroball"],"log":["|j|\u260627975","|j|\u260627426","|player|p1|27975|schoolkid-gen4|1628","|player|p2|27426|roughneck-gen4|1648","|teamsize|p1|6","|teamsize|p2|6","|gametype|singles","|gen|8","|tier|[Gen 8] OU","|rated|","|rule|Sleep Clause Mod: Limit one foe put to sleep","|rule|Species Clause: Limit one of each Pok\u00e9mon","|rule|OHKO Clause: OHKO moves are banned","|rule|Evasion Moves Clause: Evasion moves are banned","|rule|Endless Battle Clause: Forcing endless battles is banned","|rule|HP Percentage Mod: HP is shown in percentages","|clearpoke","|poke|p1|Indeedee, M|","|poke|p1|Shuckle, M|","|poke|p1|Mew|","|poke|p1|Polteageist|","|poke|p1|Hawlucha, M|","|poke|p1|Ditto|","|poke|p2|Darmanitan-Galar, F|","|poke|p2|Dragapult, M|","|poke|p2|Hatterene, F|","|poke|p2|Aegislash, M|","|poke|p2|Toxapex, F|","|poke|p2|Ferrothorn, M|","|rule|Dynamax Clause: You cannot dynamax","|teampreview","|","|start","|switch|p1a: Shuckle|Shuckle, M|244\/244","|switch|p2a: Aegislash|Aegislash, M|262\/262","|turn|1","|","|-formechange|p2a: Aegislash|Aegislash-Blade||[from] ability: Stance Change","|move|p2a: Aegislash|Flash Cannon|p1a: Shuckle","|-supereffective|p1a: Shuckle","|-ability|p1a: Shuckle|Sturdy","|-damage|p1a: Shuckle|1\/244","|move|p1a: Shuckle|Sticky Web|p2a: Aegislash","|-sidestart27426|move: Sticky Web","|","|upkeep","|turn|2","|","|move|p2a: Aegislash|Flash Cannon|p1a: Shuckle","|-supereffective|p1a: Shuckle","|-damage|p1a: Shuckle|0 fnt","|faint|p1a: Shuckle","|","|upkeep","|","|switch|p1a: Indeedee|Indeedee, M|261\/261","|-fieldstart|move: Psychic Terrain|[from] ability: Psychic Surge|[of] p1a: Indeedee","|turn|3","|","|move|p1a: Indeedee|Mystical Fire|p2a: Aegislash","|-supereffective|p2a: Aegislash","|-damage|p2a: Aegislash|0 fnt","|faint|p2a: Aegislash","|","|upkeep","|","|switch|p2a: Hatterene|Hatterene, F|318\/318","|-activate|p2a: Hatterene|move: Sticky Web","|-unboost|p2a: Hatterene|spe|1","|turn|4","|","|move|p1a: Indeedee|Calm Mind|p1a: Indeedee","|-boost|p1a: Indeedee|spa|1","|-boost|p1a: Indeedee|spd|1","|move|p2a: Hatterene|Calm Mind|p2a: Hatterene","|-boost|p2a: Hatterene|spa|1","|-boost|p2a: Hatterene|spd|1","|","|upkeep","|turn|5","|","|move|p1a: Indeedee|Mystical Fire|p2a: Hatterene","|-damage|p2a: Hatterene|242\/318","|-unboost|p2a: Hatterene|spa|1","|move|p2a: Hatterene|Calm Mind|p2a: Hatterene","|-boost|p2a: Hatterene|spa|1","|-boost|p2a: Hatterene|spd|1","|","|-heal|p2a: Hatterene|261\/318|[from] item: Leftovers","|upkeep","|turn|6","|","|move|p1a: Indeedee|Mystical Fire|p2a: Hatterene","|-damage|p2a: Hatterene|202\/318","|-unboost|p2a: Hatterene|spa|1","|move|p2a: Hatterene|Mystical Fire|p1a: Indeedee","|-damage|p1a: Indeedee|209\/261","|-unboost|p1a: Indeedee|spa|1","|","|-heal|p2a: Hatterene|221\/318|[from] item: Leftovers","|upkeep","|turn|7","|","|move|p1a: Indeedee|Mystical Fire|p2a: Hatterene","|-damage|p2a: Hatterene|176\/318","|-unboost|p2a: Hatterene|spa|1","|move|p2a: Hatterene|Mystical Fire|p1a: Indeedee","|-damage|p1a: Indeedee|170\/261","|-unboost|p1a: Indeedee|spa|1","|","|-heal|p2a: Hatterene|195\/318|[from] item: Leftovers","|upkeep","|turn|8","|","|switch|p1a: Mew|Mew|342\/342","|move|p2a: Hatterene|Mystical Fire|p1a: Mew","|-damage|p1a: Mew|289\/342","|-unboost|p1a: Mew|spa|1","|","|-heal|p2a: Hatterene|214\/318|[from] item: Leftovers","|upkeep","|turn|9","|","|move|p1a: Mew|Dragon Dance|p1a: Mew","|-boost|p1a: Mew|atk|1","|-boost|p1a: Mew|spe|1","|move|p2a: Hatterene|Calm Mind|p2a: Hatterene","|-boost|p2a: Hatterene|spa|1","|-boost|p2a: Hatterene|spd|1","|","|-heal|p2a: Hatterene|233\/318|[from] item: Leftovers","|upkeep","|turn|10","|","|move|p1a: Mew|Play Rough|p2a: Hatterene","|-damage|p2a: Hatterene|93\/318","|-damage|p1a: Mew|255\/342|[from] item: Life Orb","|move|p2a: Hatterene|Calm Mind|p2a: Hatterene","|-boost|p2a: Hatterene|spa|1","|-boost|p2a: Hatterene|spd|1","|","|-heal|p2a: Hatterene|112\/318|[from] item: Leftovers","|-fieldend|move: Psychic Terrain","|upkeep","|turn|11","|","|move|p1a: Mew|Play Rough|p2a: Hatterene","|-damage|p2a: Hatterene|0 fnt","|-damage|p1a: Mew|221\/342|[from] item: Life Orb","|faint|p2a: Hatterene","|","|upkeep","|","|switch|p2a: Dragapult|Dragapult, M|326\/326","|-activate|p2a: Dragapult|move: Sticky Web","|-unboost|p2a: Dragapult|spe|1","|turn|12","|","|move|p2a: Dragapult|Sucker Punch|p1a: Mew","|-supereffective|p1a: Mew","|-damage|p1a: Mew|0 fnt","|faint|p1a: Mew","|","|upkeep","|","|switch|p1a: Indeedee|Indeedee, M|170\/261","|-fieldstart|move: Psychic Terrain|[from] ability: Psychic Surge|[of] p1a: Indeedee","|turn|13","|","|switch|p2a: Darmanitan|Darmanitan-Galar, F|400\/400","|-activate|p2a: Darmanitan|move: Sticky Web","|-unboost|p2a: Darmanitan|spe|1","|move|p1a: Indeedee|Psychic|p2a: Darmanitan","|-damage|p2a: Darmanitan|55\/400","|-enditem|p2a: Darmanitan|Salac Berry|[eat]","|-boost|p2a: Darmanitan|spe|1","|","|-formechange|p2a: Darmanitan|Darmanitan-Galar-Zen|","|upkeep","|turn|14","|","|move|p2a: Darmanitan|Fire Punch|p1a: Indeedee","|-damage|p1a: Indeedee|0 fnt","|faint|p1a: Indeedee","|","|upkeep","|","|switch|p1a: Ditto|Ditto|300\/300","|-transform|p1a: Ditto|p2a: Darmanitan|[from] ability: Imposter","|turn|15","|","|-formechange|p2a: Darmanitan|Darmanitan-Galar|[silent]|[from] ability: Zen Mode","|switch|p2a: Toxapex|Toxapex, F|304\/304","|-activate|p2a: Toxapex|move: Sticky Web","|-unboost|p2a: Toxapex|spe|1","|move|p1a: Ditto|Ice Punch|p2a: Toxapex","|-resisted|p2a: Toxapex","|-damage|p2a: Toxapex|263\/304","|","|-heal|p2a: Toxapex|282\/304|[from] item: Black Sludge","|upkeep","|turn|16","|","|switch|p1a: Polteageist|Polteageist|279\/279","|move|p2a: Toxapex|Scald|p1a: Polteageist","|-damage|p1a: Polteageist|225\/279","|-status|p1a: Polteageist|brn","|","|-heal|p2a: Toxapex|301\/304|[from] item: Black Sludge","|-damage|p1a: Polteageist|208\/279 brn|[from] brn","|upkeep","|turn|17","|","|switch|p2a: Dragapult|Dragapult, M|326\/326","|-activate|p2a: Dragapult|move: Sticky Web","|-unboost|p2a: Dragapult|spe|1","|move|p1a: Polteageist|Shell Smash|p1a: Polteageist","|-unboost|p1a: Polteageist|def|1","|-unboost|p1a: Polteageist|spd|1","|-boost|p1a: Polteageist|atk|2","|-boost|p1a: Polteageist|spa|2","|-boost|p1a: Polteageist|spe|2","|","|-damage|p1a: Polteageist|191\/279 brn|[from] brn","|upkeep","|turn|18","|","|move|p1a: Polteageist|Shadow Ball|p2a: Dragapult","|-supereffective|p2a: Dragapult","|-damage|p2a: Dragapult|0 fnt","|faint|p2a: Dragapult","|","|-damage|p1a: Polteageist|174\/279 brn|[from] brn","|upkeep","|","|switch|p2a: Ferrothorn|Ferrothorn, M|352\/352","|-activate|p2a: Ferrothorn|move: Sticky Web","|-unboost|p2a: Ferrothorn|spe|1","|turn|19","|","|move|p1a: Polteageist|Shadow Ball|p2a: Ferrothorn","|-damage|p2a: Ferrothorn|75\/352","|move|p2a: Ferrothorn|Gyro Ball|p1a: Polteageist","|-damage|p1a: Polteageist|0 fnt","|faint|p1a: Polteageist","|","|-heal|p2a: Ferrothorn|97\/352|[from] item: Leftovers","|upkeep","|","|switch|p1a: Hawlucha|Hawlucha, M|330\/330","|-enditem|p1a: Hawlucha|Psychic Seed","|-boost|p1a: Hawlucha|spd|1","|turn|20","|","|move|p1a: Hawlucha|Swords Dance|p1a: Hawlucha","|-boost|p1a: Hawlucha|atk|2","|move|p2a: Ferrothorn|Leech Seed|p1a: Hawlucha","|-start|p1a: Hawlucha|move: Leech Seed","|","|-heal|p2a: Ferrothorn|119\/352|[from] item: Leftovers","|-damage|p1a: Hawlucha|289\/330|[from] Leech Seed|[of] p2a: Ferrothorn","|-heal|p2a: Ferrothorn|160\/352|[silent]","|-fieldend|move: Psychic Terrain","|upkeep","|turn|21","|","|move|p1a: Hawlucha|Swords Dance|p1a: Hawlucha","|-boost|p1a: Hawlucha|atk|2","|move|p2a: Ferrothorn|Gyro Ball|p1a: Hawlucha","|-damage|p1a: Hawlucha|75\/330","|","|-heal|p2a: Ferrothorn|182\/352|[from] item: Leftovers","|-damage|p1a: Hawlucha|34\/330|[from] Leech Seed|[of] p2a: Ferrothorn","|-heal|p2a: Ferrothorn|223\/352|[silent]","|upkeep","|turn|22","|-message|27975 forfeited.","|","|win|27426","|l|\u260627975","|l|\u260627426","|raw|27975's rating: 1607 &rarr; <strong>1591<\/strong><br \/>(-16 for losing)","|raw|27426's rating: 1672 &rarr; <strong>1688<\/strong><br \/>(+16 for winning)",""],"p1":"27975","p1rating":1628,"p1team":[{"ability":"psychicsurge","evs":{"atk":0,"def":0,"hp":0,"spa":252,"spd":4,"spe":252},"gender":"M","happiness":160,"item":"terrainextender","ivs":{"atk":0,"def":31,"hp":31,"spa":31,"spd":31,"spe":31},"level":100,"moves":["psychic","calmmind","mysticalfire","dazzlinggleam"],"name":"Indeedee","nature":"Modest","species":"Indeedee"},{"ability":"sturdy","evs":{"atk":0,"def":252,"hp":252,"spa":0,"spd":4,"spe":0},"happiness":160,"item":"rockyhelmet","ivs":{"atk":0,"def":31,"hp":31,"spa":31,"spd":31,"spe":0},"level":100,"moves":["stealthrock","stickyweb","finalgambit","encore"],"name":"Shuckle","nature":"Relaxed","species":"Shuckle"},{"ability":"synchronize","evs":{"atk":252,"def":0,"hp":4,"spa":0,"spd":0,"spe":252},"gender":"N","happiness":160,"item":"lifeorb","ivs":{"atk":31,"def":31,"hp":31,"spa":31,"spd":31,"spe":31},"level":100,"moves":["dragondance","psychicfangs","playrough","blazekick"],"name":"Mew","nature":"Jolly","species":"Mew"},{"ability":"weakarmor","evs":{"atk":0,"def":0,"hp":72,"spa":252,"spd":0,"spe":184},"gender":"N","happiness":160,"item":"ringtarget","ivs":{"atk":0,"def":31,"hp":31,"spa":31,"spd":31,"spe":31},"level":100,"moves":["shellsmash","shadowball","trick","storedpower"],"name":"Polteageist","nature":"Timid","species":"Polteageist"},{"ability":"unburden","evs":{"atk":252,"def":0,"hp":132,"spa":0,"spd":0,"spe":124},"happiness":160,"item":"psychicseed","ivs":{"atk":31,"def":31,"hp":31,"spa":31,"spd":31,"spe":31},"level":100,"moves":["swordsdance","throatchop","closecombat","acrobatics"],"name":"Hawlucha","nature":"Adamant","species":"Hawlucha"},{"ability":"imposter","evs":{"atk":0,"def":252,"hp":252,"spa":0,"spd":4,"spe":0},"gender":"N","happiness":160,"item":"choicescarf","ivs":{"atk":0,"def":31,"hp":31,"spa":31,"spd":31,"spe":0},"level":100,"moves":["transform"],"name":"Ditto","nature":"Relaxed","species":"Ditto"}],"p2":"27426","p2rating":1648,"p2team":[{"ability":"zenmode","evs":{"atk":252,"def":0,"hp":196,"spa":0,"spd":0,"spe":60},"happiness":160,"item":"salacberry","ivs":{"atk":31,"def":31,"hp":31,"spa":31,"spd":31,"spe":31},"level":100,"moves":["icepunch","firepunch","substitute","bellydrum"],"name":"Darmanitan","nature":"Jolly","species":"darmanitangalar"},{"ability":"infiltrator","evs":{"atk":252,"def":0,"hp":36,"spa":0,"spd":4,"spe":216},"happiness":160,"item":"choiceband","ivs":{"atk":31,"def":31,"hp":31,"spa":31,"spd":31,"spe":31},"level":100,"moves":["dragondarts","phantomforce","uturn","suckerpunch"],"name":"Dragapult","nature":"Adamant","species":"Dragapult"},{"ability":"magicbounce","evs":{"atk":0,"def":200,"hp":252,"spa":4,"spd":0,"spe":52},"gender":"F","happiness":160,"item":"leftovers","ivs":{"atk":0,"def":31,"hp":31,"spa":31,"spd":31,"spe":31},"level":100,"moves":["psychic","drainingkiss","mysticalfire","calmmind"],"name":"Hatterene","nature":"Bold","species":"Hatterene"},{"ability":"stancechange","evs":{"atk":0,"def":0,"hp":4,"spa":252,"spd":0,"spe":252},"happiness":160,"item":"choicespecs","ivs":{"atk":31,"def":31,"hp":31,"spa":31,"spd":31,"spe":31},"level":100,"moves":["steelbeam","shadowball","flashcannon","shadowsneak"],"name":"Aegislash","nature":"Modest","species":"Aegislash"},{"ability":"regenerator","evs":{"atk":0,"def":252,"hp":252,"spa":0,"spd":4,"spe":0},"happiness":160,"item":"blacksludge","ivs":{"atk":0,"def":31,"hp":31,"spa":31,"spd":31,"spe":31},"level":100,"moves":["scald","toxicspikes","haze","recover"],"name":"Toxapex","nature":"Bold","species":"Toxapex"},{"ability":"ironbarbs","evs":{"atk":0,"def":252,"hp":252,"spa":0,"spd":4,"spe":0},"happiness":160,"item":"leftovers","ivs":{"atk":31,"def":31,"hp":31,"spa":31,"spd":31,"spe":0},"level":100,"moves":["stealthrock","leechseed","protect","gyroball"],"name":"Ferrothorn","nature":"Relaxed","species":"Ferrothorn"}],"roomid":101746,"score":[2,3],"seed":[46625,43996,58611,3794],"timestamp":"Mon Dec 30 2019 19:XX","turns":22,"winner":"27426","rated_battle":true,"average_rating":1638}