{"endType":"forfeit","format":"gen8ou","inputLog":[">version aa9f8c6b9cf4eca780a1296832ecd3b0009641e0",">version-origin 5e8529faaa5905c5f8e15eafaaefa806ee8c7d06",">start {\"formatid\":\"gen8ou\",\"seed\":[23438,15413,38798,56710],\"rated\":\"Rated battle\"}",">player p1 {\"\"name\":\"30335\",\"rating\":1409}",">player p2 {\"\"name\":\"27115\",\"rating\":1456}",">p1 team 1, 2, 3, 4, 5, 6",">p2 team 4, 2, 3, 1, 5, 6",">p1 move knockoff",">p2 move substitute",">p1 switch 4",">p2 move disable",">p1 move mysticalfire",">p2 switch 5",">p1 switch 4",">p2 move toxicspikes",">p1 move knockoff",">p2 move scald",">p1 switch 2",">p2 move scald",">p1 move uturn",">p2 move scald",">p1 switch 2",">p1 switch 3",">p2 move scald",">p1 move scald",">p2 move toxicspikes",">p1 move scald",">p2 move recover",">p1 move stealthrock",">p2 move toxicspikes",">p1 move earthquake",">p2 move scald",">p1 move earthquake",">p2 move recover",">p1 move earthquake",">p2 switch 3",">p1 move scald",">p2 move memento",">p2 switch 6",">p1 move toxic",">p2 move substitute",">p1 switch 3",">p2 move dragondance",">p1 move knockoff",">p2 move dragondance",">p1 move knockoff",">p2 move waterfall",">p1 switch 2",">p1 switch 3",">p2 move waterfall",">p1 switch 3",">p2 move substitute",">p1 move bravebird",">p2 move waterfall",">p1 move bravebird",">p2 move waterfall",">p1 switch 6",">p1 move thunderbolt",">p2 move bounce",">p1 switch 4",">p2 move bounce",">p1 move hypervoice",">p2 move waterfall",">p1 switch 4",">p1 move thunderbolt",">p2 move bounce",">p1 move thunderbolt",">p2 move bounce",">p1 switch 3",">p1 move scald",">p2 move substitute",">p1 move scald",">p2 move dragondance",">p1 move scald",">p2 move dragondance",">p1 move scald",">p2 move substitute",">p1 move scald",">p2 move dragondance",">p1 move scald",">p2 move substitute",">p1 move scald",">p2 move dragondance",">p1 move scald",">p2 move bounce",">p1 move scald",">p2 move bounce",">p1 switch 5"],"log":["|j|\u260630335","|j|\u260627115","|player|p1|30335|163|1409","|player|p2|27115|290|1456","|teamsize|p1|6","|teamsize|p2|6","|gametype|singles","|gen|8","|tier|[Gen 8] OU","|rated|","|rule|Sleep Clause Mod: Limit one foe put to sleep","|rule|Species Clause: Limit one of each Pok\u00e9mon","|rule|OHKO Clause: OHKO moves are banned","|rule|Evasion Moves Clause: Evasion moves are banned","|rule|Endless Battle Clause: Forcing endless battles is banned","|rule|HP Percentage Mod: HP is shown in percentages","|clearpoke","|poke|p1|Drapion, F|","|poke|p1|Corviknight, F|","|poke|p1|Seismitoad, F|","|poke|p1|Sylveon, M|","|poke|p1|Rotom-Heat|","|poke|p1|Dragapult, F|","|poke|p2|Aegislash, M|","|poke|p2|Ditto|","|poke|p2|Dugtrio, F|","|poke|p2|Dragapult, F|","|poke|p2|Toxapex, F|","|poke|p2|Gyarados, M|","|rule|Dynamax Clause: You cannot dynamax","|teampreview","|","|start","|switch|p1a: Drapion|Drapion, F|295\/295","|switch|p2a: Dragapult|Dragapult, F|369\/369","|turn|1","|","|move|p2a: Dragapult|Substitute|p2a: Dragapult","|-start|p2a: Dragapult|Substitute","|-damage|p2a: Dragapult|277\/369","|move|p1a: Drapion|Knock Off|p2a: Dragapult","|-supereffective|p2a: Dragapult","|-end|p2a: Dragapult|Substitute","|","|-heal|p2a: Dragapult|300\/369|[from] item: Leftovers","|upkeep","|turn|2","|","|switch|p1a: Sylveon|Sylveon, M|393\/393","|move|p2a: Dragapult|Disable||[still]","|-fail|p2a: Dragapult","|","|-heal|p2a: Dragapult|323\/369|[from] item: Leftovers","|upkeep","|turn|3","|","|switch|p2a: Toxapex|Toxapex, F|304\/304","|move|p1a: Sylveon|Mystical Fire|p2a: Toxapex","|-resisted|p2a: Toxapex","|-damage|p2a: Toxapex|277\/304","|-unboost|p2a: Toxapex|spa|1","|","|-heal|p2a: Toxapex|296\/304|[from] item: Black Sludge","|upkeep","|turn|4","|","|switch|p1a: Drapion|Drapion, F|295\/295","|move|p2a: Toxapex|Toxic Spikes|p1a: Drapion","|-sidestart30335|move: Toxic Spikes","|","|-heal|p2a: Toxapex|304\/304|[from] item: Black Sludge","|upkeep","|turn|5","|","|move|p1a: Drapion|Knock Off|p2a: Toxapex","|-damage|p2a: Toxapex|225\/304","|-enditem|p2a: Toxapex|Black Sludge|[from] move: Knock Off|[of] p1a: Drapion","|move|p2a: Toxapex|Scald|p1a: Drapion","|-damage|p1a: Drapion|244\/295","|","|-heal|p1a: Drapion|262\/295|[from] item: Black Sludge","|upkeep","|turn|6","|","|switch|p1a: Corviknight|Corviknight, F|400\/400","|move|p2a: Toxapex|Scald|p1a: Corviknight","|-damage|p1a: Corviknight|363\/400","|","|-heal|p1a: Corviknight|388\/400|[from] item: Leftovers","|upkeep","|turn|7","|","|move|p1a: Corviknight|U-turn|p2a: Toxapex","|-resisted|p2a: Toxapex","|-damage|p2a: Toxapex|212\/304","|","|switch|p1a: Drapion|Drapion, F|262\/295","|-sideend30335|move: Toxic Spikes|[of] p1a: Drapion","|move|p2a: Toxapex|Scald|p1a: Drapion","|-damage|p1a: Drapion|217\/295","|","|-heal|p1a: Drapion|235\/295|[from] item: Black Sludge","|upkeep","|turn|8","|","|switch|p1a: Seismitoad|Seismitoad, F|413\/413","|move|p2a: Toxapex|Scald|p1a: Seismitoad","|-immune|p1a: Seismitoad|[from] ability: Water Absorb","|","|upkeep","|turn|9","|","|move|p1a: Seismitoad|Scald|p2a: Toxapex","|-resisted|p2a: Toxapex","|-damage|p2a: Toxapex|179\/304","|move|p2a: Toxapex|Toxic Spikes|p1a: Seismitoad","|-sidestart30335|move: Toxic Spikes","|","|upkeep","|turn|10","|","|move|p1a: Seismitoad|Scald|p2a: Toxapex","|-resisted|p2a: Toxapex","|-damage|p2a: Toxapex|148\/304","|-status|p2a: Toxapex|brn","|move|p2a: Toxapex|Recover|p2a: Toxapex","|-heal|p2a: Toxapex|300\/304 brn","|","|-damage|p2a: Toxapex|281\/304 brn|[from] brn","|upkeep","|turn|11","|","|move|p1a: Seismitoad|Stealth Rock|p2a: Toxapex","|-sidestart27115|move: Stealth Rock","|move|p2a: Toxapex|Toxic Spikes|p1a: Seismitoad","|-sidestart30335|move: Toxic Spikes","|","|-damage|p2a: Toxapex|262\/304 brn|[from] brn","|upkeep","|turn|12","|","|move|p1a: Seismitoad|Earthquake|p2a: Toxapex","|-supereffective|p2a: Toxapex","|-damage|p2a: Toxapex|152\/304 brn","|move|p2a: Toxapex|Scald|p1a: Seismitoad","|-immune|p1a: Seismitoad|[from] ability: Water Absorb","|","|-damage|p2a: Toxapex|133\/304 brn|[from] brn","|upkeep","|turn|13","|","|move|p1a: Seismitoad|Earthquake|p2a: Toxapex","|-supereffective|p2a: Toxapex","|-damage|p2a: Toxapex|1\/304 brn","|move|p2a: Toxapex|Recover|p2a: Toxapex","|-heal|p2a: Toxapex|153\/304 brn","|","|-damage|p2a: Toxapex|134\/304 brn|[from] brn","|upkeep","|turn|14","|","|switch|p2a: Dugtrio|Dugtrio, F|211\/211","|-damage|p2a: Dugtrio|198\/211|[from] Stealth Rock","|move|p1a: Seismitoad|Earthquake|p2a: Dugtrio","|-damage|p2a: Dugtrio|11\/211","|","|upkeep","|turn|15","|","|move|p2a: Dugtrio|Memento|p1a: Seismitoad","|-unboost|p1a: Seismitoad|atk|2","|-unboost|p1a: Seismitoad|spa|2","|faint|p2a: Dugtrio","|move|p1a: Seismitoad|Scald|p2: Dugtrio|[notarget]","|-fail|p1a: Seismitoad","|","|upkeep","|","|switch|p2a: Gyarados|Gyarados, M|331\/331","|-damage|p2a: Gyarados|249\/331|[from] Stealth Rock","|-ability|p2a: Gyarados|Intimidate|boost","|-unboost|p1a: Seismitoad|atk|1","|turn|16","|","|move|p2a: Gyarados|Substitute|p2a: Gyarados","|-start|p2a: Gyarados|Substitute","|-damage|p2a: Gyarados|167\/331","|move|p1a: Seismitoad|Toxic||[still]","|-fail|p1a: Seismitoad","|","|-heal|p2a: Gyarados|187\/331|[from] item: Leftovers","|upkeep","|turn|17","|","|switch|p1a: Drapion|Drapion, F|235\/295","|-sideend30335|move: Toxic Spikes|[of] p1a: Drapion","|move|p2a: Gyarados|Dragon Dance|p2a: Gyarados","|-boost|p2a: Gyarados|atk|1","|-boost|p2a: Gyarados|spe|1","|","|-heal|p2a: Gyarados|207\/331|[from] item: Leftovers","|-heal|p1a: Drapion|253\/295|[from] item: Black Sludge","|upkeep","|turn|18","|","|move|p2a: Gyarados|Dragon Dance|p2a: Gyarados","|-boost|p2a: Gyarados|atk|1","|-boost|p2a: Gyarados|spe|1","|move|p1a: Drapion|Knock Off|p2a: Gyarados","|-end|p2a: Gyarados|Substitute","|","|-heal|p2a: Gyarados|227\/331|[from] item: Leftovers","|-heal|p1a: Drapion|271\/295|[from] item: Black Sludge","|upkeep","|turn|19","|","|move|p2a: Gyarados|Waterfall|p1a: Drapion","|-damage|p1a: Drapion|0 fnt","|faint|p1a: Drapion","|","|-heal|p2a: Gyarados|247\/331|[from] item: Leftovers","|upkeep","|","|switch|p1a: Corviknight|Corviknight, F|388\/400","|turn|20","|","|switch|p1a: Seismitoad|Seismitoad, F|413\/413","|move|p2a: Gyarados|Waterfall|p1a: Seismitoad","|-immune|p1a: Seismitoad|[from] ability: Water Absorb","|","|-heal|p2a: Gyarados|267\/331|[from] item: Leftovers","|upkeep","|turn|21","|","|switch|p1a: Corviknight|Corviknight, F|388\/400","|move|p2a: Gyarados|Substitute|p2a: Gyarados","|-start|p2a: Gyarados|Substitute","|-damage|p2a: Gyarados|185\/331","|","|-heal|p2a: Gyarados|205\/331|[from] item: Leftovers","|-heal|p1a: Corviknight|400\/400|[from] item: Leftovers","|upkeep","|turn|22","|","|move|p2a: Gyarados|Waterfall|p1a: Corviknight","|-damage|p1a: Corviknight|145\/400","|move|p1a: Corviknight|Brave Bird|p2a: Gyarados","|-end|p2a: Gyarados|Substitute","|-damage|p1a: Corviknight|118\/400|[from] Recoil|[of] p2a: Gyarados","|","|-heal|p2a: Gyarados|225\/331|[from] item: Leftovers","|-heal|p1a: Corviknight|143\/400|[from] item: Leftovers","|upkeep","|turn|23","|","|move|p2a: Gyarados|Waterfall|p1a: Corviknight","|-damage|p1a: Corviknight|0 fnt","|faint|p1a: Corviknight","|","|-heal|p2a: Gyarados|245\/331|[from] item: Leftovers","|upkeep","|","|switch|p1a: Dragapult|Dragapult, F|317\/317","|turn|24","|","|move|p2a: Gyarados|Bounce||[still]","|-prepare|p2a: Gyarados|Bounce|p1a: Dragapult","|move|p1a: Dragapult|Thunderbolt|p2a: Gyarados|[miss]","|-miss|p1a: Dragapult|p2a: Gyarados","|","|-heal|p2a: Gyarados|265\/331|[from] item: Leftovers","|upkeep","|turn|25","|","|switch|p1a: Sylveon|Sylveon, M|393\/393","|move|p2a: Gyarados|Bounce|p1a: Sylveon|[from]lockedmove|[miss]","|-miss|p2a: Gyarados|p1a: Sylveon","|","|-heal|p2a: Gyarados|285\/331|[from] item: Leftovers","|upkeep","|turn|26","|","|move|p2a: Gyarados|Waterfall|p1a: Sylveon","|-damage|p1a: Sylveon|0 fnt","|faint|p1a: Sylveon","|","|-heal|p2a: Gyarados|305\/331|[from] item: Leftovers","|upkeep","|","|switch|p1a: Dragapult|Dragapult, F|317\/317","|turn|27","|","|move|p2a: Gyarados|Bounce||[still]","|-prepare|p2a: Gyarados|Bounce|p1a: Dragapult","|move|p1a: Dragapult|Thunderbolt|p2a: Gyarados|[miss]","|-miss|p1a: Dragapult|p2a: Gyarados","|","|-heal|p2a: Gyarados|325\/331|[from] item: Leftovers","|upkeep","|turn|28","|","|move|p2a: Gyarados|Bounce|p1a: Dragapult|[from]lockedmove","|-damage|p1a: Dragapult|0 fnt","|faint|p1a: Dragapult","|","|-heal|p2a: Gyarados|331\/331|[from] item: Leftovers","|upkeep","|","|switch|p1a: Seismitoad|Seismitoad, F|413\/413","|turn|29","|","|move|p2a: Gyarados|Substitute|p2a: Gyarados","|-start|p2a: Gyarados|Substitute","|-damage|p2a: Gyarados|249\/331","|move|p1a: Seismitoad|Scald|p2a: Gyarados","|-resisted|p2a: Gyarados","|-activate|p2a: Gyarados|move: Substitute|[damage]","|","|-heal|p2a: Gyarados|269\/331|[from] item: Leftovers","|upkeep","|turn|30","|","|move|p2a: Gyarados|Dragon Dance|p2a: Gyarados","|-boost|p2a: Gyarados|atk|1","|-boost|p2a: Gyarados|spe|1","|move|p1a: Seismitoad|Scald|p2a: Gyarados","|-resisted|p2a: Gyarados","|-activate|p2a: Gyarados|move: Substitute|[damage]","|","|-heal|p2a: Gyarados|289\/331|[from] item: Leftovers","|upkeep","|turn|31","|","|move|p2a: Gyarados|Dragon Dance|p2a: Gyarados","|-boost|p2a: Gyarados|atk|1","|-boost|p2a: Gyarados|spe|1","|move|p1a: Seismitoad|Scald|p2a: Gyarados","|-resisted|p2a: Gyarados","|-end|p2a: Gyarados|Substitute","|","|-heal|p2a: Gyarados|309\/331|[from] item: Leftovers","|upkeep","|turn|32","|","|move|p2a: Gyarados|Substitute|p2a: Gyarados","|-start|p2a: Gyarados|Substitute","|-damage|p2a: Gyarados|227\/331","|move|p1a: Seismitoad|Scald|p2a: Gyarados","|-resisted|p2a: Gyarados","|-activate|p2a: Gyarados|move: Substitute|[damage]","|","|-heal|p2a: Gyarados|247\/331|[from] item: Leftovers","|upkeep","|turn|33","|","|move|p2a: Gyarados|Dragon Dance|p2a: Gyarados","|-boost|p2a: Gyarados|atk|1","|-boost|p2a: Gyarados|spe|1","|move|p1a: Seismitoad|Scald|p2a: Gyarados","|-resisted|p2a: Gyarados","|-end|p2a: Gyarados|Substitute","|","|-heal|p2a: Gyarados|267\/331|[from] item: Leftovers","|upkeep","|turn|34","|","|move|p2a: Gyarados|Substitute|p2a: Gyarados","|-start|p2a: Gyarados|Substitute","|-damage|p2a: Gyarados|185\/331","|move|p1a: Seismitoad|Scald|p2a: Gyarados","|-resisted|p2a: Gyarados","|-activate|p2a: Gyarados|move: Substitute|[damage]","|","|-heal|p2a: Gyarados|205\/331|[from] item: Leftovers","|upkeep","|turn|35","|","|move|p2a: Gyarados|Dragon Dance|p2a: Gyarados","|-boost|p2a: Gyarados|atk|1","|-boost|p2a: Gyarados|spe|1","|move|p1a: Seismitoad|Scald|p2a: Gyarados","|-resisted|p2a: Gyarados","|-activate|p2a: Gyarados|move: Substitute|[damage]","|","|-heal|p2a: Gyarados|225\/331|[from] item: Leftovers","|upkeep","|turn|36","|","|move|p2a: Gyarados|Bounce||[still]","|-prepare|p2a: Gyarados|Bounce|p1a: Seismitoad","|move|p1a: Seismitoad|Scald|p2a: Gyarados|[miss]","|-miss|p1a: Seismitoad|p2a: Gyarados","|","|-heal|p2a: Gyarados|245\/331|[from] item: Leftovers","|upkeep","|turn|37","|","|move|p2a: Gyarados|Bounce|p1a: Seismitoad|[from]lockedmove","|-damage|p1a: Seismitoad|0 fnt","|faint|p1a: Seismitoad","|","|-heal|p2a: Gyarados|265\/331|[from] item: Leftovers","|upkeep","|","|switch|p1a: Rotom|Rotom-Heat|241\/241","|turn|38","|-message|30335 forfeited.","|","|win|27115","|l|\u260630335","|l|\u260627115","|raw|30335's rating: 1387 &rarr; <strong>1370<\/strong><br \/>(-17 for losing)","|raw|27115's rating: 1440 &rarr; <strong>1457<\/strong><br \/>(+17 for winning)",""],"p1":"30335","p1rating":1409,"p1team":[{"ability":"sniper","evs":{"atk":252,"def":0,"hp":56,"spa":0,"spd":0,"spe":200},"happiness":160,"item":"blacksludge","ivs":{"atk":31,"def":31,"hp":31,"spa":31,"spd":31,"spe":31},"level":100,"moves":["poisonjab","knockoff","brickbreak","toxicspikes"],"name":"Drapion","nature":"Jolly","species":"Drapion"},{"ability":"mirrorarmor","evs":{"atk":0,"def":76,"hp":252,"spa":0,"spd":180,"spe":0},"happiness":160,"item":"leftovers","ivs":{"atk":31,"def":31,"hp":31,"spa":31,"spd":31,"spe":31},"level":100,"moves":["bravebird","uturn","roost","defog"],"name":"Corviknight","nature":"Impish","species":"Corviknight"},{"ability":"waterabsorb","evs":{"atk":0,"def":252,"hp":248,"spa":0,"spd":8,"spe":0},"happiness":160,"item":"leftovers","ivs":{"atk":31,"def":31,"hp":31,"spa":31,"spd":31,"spe":31},"level":100,"moves":["earthquake","scald","stealthrock","toxic"],"name":"Seismitoad","nature":"Relaxed","species":"Seismitoad"},{"ability":"pixilate","evs":{"atk":0,"def":0,"hp":248,"spa":100,"spd":160,"spe":0},"happiness":160,"item":"leftovers","ivs":{"atk":0,"def":31,"hp":31,"spa":31,"spd":31,"spe":31},"level":100,"moves":["hypervoice","mysticalfire","wish","protect"],"name":"Sylveon","nature":"Calm","species":"Sylveon"},{"ability":"levitate","evs":{"atk":0,"def":0,"hp":0,"spa":252,"spd":4,"spe":252},"gender":"N","happiness":160,"item":"heavydutyboots","ivs":{"atk":0,"def":31,"hp":31,"spa":31,"spd":31,"spe":31},"level":100,"moves":["voltswitch","overheat","nastyplot","discharge"],"name":"Rotom","nature":"Timid","species":"rotomheat"},{"ability":"infiltrator","evs":{"atk":0,"def":0,"hp":0,"spa":252,"spd":4,"spe":252},"happiness":160,"item":"choicespecs","ivs":{"atk":0,"def":31,"hp":31,"spa":31,"spd":31,"spe":31},"level":100,"moves":["dracometeor","shadowball","flamethrower","thunderbolt"],"name":"Dragapult","nature":"Timid","species":"Dragapult"}],"p2":"27115","p2rating":1456,"p2team":[{"ability":"stancechange","evs":{"atk":4,"def":0,"hp":252,"spa":252,"spd":0,"spe":0},"happiness":160,"item":"weaknesspolicy","ivs":{"atk":31,"def":31,"hp":31,"spa":31,"spd":31,"spe":31},"level":100,"moves":["kingsshield","steelbeam","shadowball","shadowsneak"],"name":"Aegislash","nature":"Quiet","species":"Aegislash"},{"ability":"imposter","evs":{"atk":8,"def":252,"hp":248,"spa":0,"spd":0,"spe":0},"gender":"N","happiness":160,"item":"choicescarf","ivs":{"atk":0,"def":31,"hp":31,"spa":31,"spd":31,"spe":31},"level":100,"moves":["transform"],"name":"Ditto","nature":"Impish","species":"Ditto"},{"ability":"arenatrap","evs":{"atk":252,"def":0,"hp":0,"spa":0,"spd":4,"spe":252},"happiness":160,"item":"focussash","ivs":{"atk":31,"def":31,"hp":31,"spa":31,"spd":31,"spe":31},"level":100,"moves":["earthquake","rocktomb","stealthrock","memento"],"name":"Dugtrio","nature":"Jolly","species":"Dugtrio"},{"ability":"infiltrator","evs":{"atk":0,"def":0,"hp":208,"spa":48,"spd":0,"spe":252},"happiness":160,"item":"leftovers","ivs":{"atk":0,"def":31,"hp":31,"spa":31,"spd":31,"spe":31},"level":100,"moves":["substitute","hex","disable","willowisp"],"name":"Dragapult","nature":"Timid","species":"Dragapult"},{"ability":"regenerator","evs":{"atk":0,"def":252,"hp":252,"spa":0,"spd":4,"spe":0},"happiness":160,"item":"blacksludge","ivs":{"atk":0,"def":31,"hp":31,"spa":31,"spd":31,"spe":31},"level":100,"moves":["recover","scald","toxicspikes","haze"],"name":"Toxapex","nature":"Bold","species":"Toxapex"},{"ability":"intimidate","evs":{"atk":252,"def":0,"hp":0,"spa":0,"spd":4,"spe":252},"happiness":160,"item":"leftovers","ivs":{"atk":31,"def":31,"hp":31,"spa":31,"spd":31,"spe":31},"level":100,"moves":["substitute","dragondance","waterfall","bounce"],"name":"Gyarados","nature":"Adamant","species":"Gyarados"}],"roomid":101379,"score":[1,5],"seed":[23438,15413,38798,56710],"timestamp":"Mon Dec 30 2019 23:XX","turns":38,"winner":"27115","rated_battle":true,"average_rating":1432}