{"endType":"forfeit","format":"gen8ou","inputLog":[">version aa9f8c6b9cf4eca780a1296832ecd3b0009641e0",">version-origin 5e8529faaa5905c5f8e15eafaaefa806ee8c7d06",">start {\"formatid\":\"gen8ou\",\"seed\":[36746,10884,64327,31956],\"rated\":\"Rated battle\"}",">player p1 {\"\"name\":\"120618\",\"rating\":1314}",">player p2 {\"\"name\":\"94884\",\"rating\":1291}",">p1 team 1, 2, 3, 4, 5, 6",">p2 team 5, 2, 3, 4, 1, 6",">p1 move boomburst",">p2 move trick",">p1 move boomburst",">p2 switch 3",">p1 switch 3",">p2 move stealthrock",">p1 move uturn",">p2 move protect",">p1 move uturn",">p2 move leechseed",">p1 switch 4",">p1 move defog",">p2 switch 3",">p1 switch 3",">p2 move trick",">p1 move boomburst",">p2 move voltswitch",">p2 switch 3",">p1 switch 6",">p2 move leechseed",">p1 switch 3",">p2 switch 3",">p1 switch 5",">p2 move trick",">p1 move stealthrock",">p2 switch 2",">p1 switch 6",">p2 move hydropump",">p1 switch 3",">p1 move curse",">p2 switch 6",">p1 move curse",">p2 move rapidspin",">p1 move bodypress",">p2 switch 4",">p1 switch 4",">p2 move haze",">p1 move earthquake",">p2 move banefulbunker",">p1 switch 2",">p2 switch 6",">p1 move shadowball",">p2 move hydropump",">p1 switch 6",">p2 switch 2",">p1 move stealthrock",">p2 switch 2",">p1 switch 4",">p2 move hurricane",">p1 move darkestlariat",">p2 switch 4",">p1 switch 5",">p2 move earthquake",">p1 move foulplay",">p2 move rapidspin",">p2 switch 5",">p1 switch 4",">p2 move fishiousrend",">p1 move toxic",">p2 switch 4",">p1 switch 5",">p2 move hydropump",">p1 switch 5",">p2 switch 3",">p1 move stealthrock",">p2 move stealthrock",">p1 switch 4",">p2 move leechseed",">p1 move roost",">p2 move protect",">p1 switch 4",">p2 move gyroball",">p1 move scald",">p2 move protect",">p1 move scald",">p2 move leechseed",">p1 move scald",">p2 move leechseed",">p1 switch 4",">p2 switch 2",">p1 move toxic",">p2 switch 4",">p1 switch 4",">p2 move icefang",">p1 switch 5",">p2 switch 2",">p1 move curse",">p2 move leechseed",">p1 move curse",">p2 switch 6",">p1 move darkestlariat",">p2 move haze",">p1 move rest",">p2 switch 4",">p1 switch 5",">p2 switch 2",">p1 switch 5",">p2 move crunch",">p1 switch 4",">p2 switch 6",">p1 move foulplay",">p2 move leechseed",">p1 switch 4",">p2 move gyroball",">p1 move rest",">p2 move gyroball",">p1 move rest",">p2 move gyroball",">p1 switch 2",">p1 move flareblitz",">p2 move protect",">p1 move flareblitz",">p2 switch 4",">p1 switch 5",">p2 switch 4"],"log":["|j|\u2606120618","|j|\u260694884","|player|p1|120618|265|1314","|player|p2|94884|169|1291","|teamsize|p1|6","|teamsize|p2|6","|gametype|singles","|gen|8","|tier|[Gen 8] OU","|rated|","|rule|Sleep Clause Mod: Limit one foe put to sleep","|rule|Species Clause: Limit one of each Pok\u00e9mon","|rule|OHKO Clause: OHKO moves are banned","|rule|Evasion Moves Clause: Evasion moves are banned","|rule|Endless Battle Clause: Forcing endless battles is banned","|rule|HP Percentage Mod: HP is shown in percentages","|clearpoke","|poke|p1|Toxtricity, F|","|poke|p1|Aegislash, F|","|poke|p1|Darmanitan-Galar, M|","|poke|p1|Mandibuzz, F|","|poke|p1|Seismitoad, F|","|poke|p1|Snorlax, F|","|poke|p2|Dracovish|","|poke|p2|Pelipper, M|","|poke|p2|Ferrothorn, F|","|poke|p2|Toxapex, F|","|poke|p2|Rotom-Wash|","|poke|p2|Excadrill, M|","|rule|Dynamax Clause: You cannot dynamax","|teampreview","|","|start","|switch|p1a: Toxtricity|Toxtricity, F|291\/291","|switch|p2a: Rotom|Rotom-Wash|241\/241","|turn|1","|","|move|p2a: Rotom|Trick|p1a: Toxtricity","|-activate|p2a: Rotom|move: Trick|[of] p1a: Toxtricity","|-item|p1a: Toxtricity|Choice Scarf|[from] move: Trick","|-item|p2a: Rotom|Choice Specs|[from] move: Trick","|move|p1a: Toxtricity|Boomburst|p2a: Rotom","|-damage|p2a: Rotom|41\/241","|","|upkeep","|turn|2","|","|switch|p2a: Ferrothorn|Ferrothorn, F|352\/352","|move|p1a: Toxtricity|Boomburst|p2a: Ferrothorn","|-resisted|p2a: Ferrothorn","|-damage|p2a: Ferrothorn|251\/352","|","|-heal|p2a: Ferrothorn|273\/352|[from] item: Leftovers","|upkeep","|turn|3","|","|switch|p1a: Darmanitan|Darmanitan-Galar, M|351\/351","|move|p2a: Ferrothorn|Stealth Rock|p1a: Darmanitan","|-sidestart120618|move: Stealth Rock","|","|-heal|p2a: Ferrothorn|295\/352|[from] item: Leftovers","|upkeep","|turn|4","|","|move|p2a: Ferrothorn|Protect|p2a: Ferrothorn","|-singleturn|p2a: Ferrothorn|Protect","|move|p1a: Darmanitan|U-turn|p2a: Ferrothorn","|-activate|p2a: Ferrothorn|move: Protect","|","|-heal|p2a: Ferrothorn|317\/352|[from] item: Leftovers","|upkeep","|turn|5","|","|move|p1a: Darmanitan|U-turn|p2a: Ferrothorn","|-damage|p2a: Ferrothorn|244\/352","|-damage|p1a: Darmanitan|308\/351|[from] ability: Iron Barbs|[of] p2a: Ferrothorn","|","|switch|p1a: Mandibuzz|Mandibuzz, F|424\/424","|move|p2a: Ferrothorn|Leech Seed|p1a: Mandibuzz","|-start|p1a: Mandibuzz|move: Leech Seed","|","|-heal|p2a: Ferrothorn|266\/352|[from] item: Leftovers","|-damage|p1a: Mandibuzz|371\/424|[from] Leech Seed|[of] p2a: Ferrothorn","|-heal|p2a: Ferrothorn|319\/352|[silent]","|upkeep","|turn|6","|","|switch|p2a: Rotom|Rotom-Wash|41\/241","|move|p1a: Mandibuzz|Defog|p2a: Rotom","|-unboost|p2a: Rotom|evasion|1","|-sideend120618|Stealth Rock|[from] move: Defog|[of] p1a: Mandibuzz","|","|-damage|p1a: Mandibuzz|318\/424|[from] Leech Seed|[of] p2a: Rotom","|-heal|p2a: Rotom|94\/241|[silent]","|upkeep","|turn|7","|","|switch|p1a: Toxtricity|Toxtricity, F|291\/291","|move|p2a: Rotom|Trick|p1a: Toxtricity","|-activate|p2a: Rotom|move: Trick|[of] p1a: Toxtricity","|-item|p1a: Toxtricity|Choice Specs|[from] move: Trick","|-item|p2a: Rotom|Choice Scarf|[from] move: Trick","|","|upkeep","|turn|8","|","|move|p2a: Rotom|Volt Switch|p1a: Toxtricity","|-resisted|p1a: Toxtricity","|-crit|p1a: Toxtricity","|-damage|p1a: Toxtricity|191\/291","|","|switch|p2a: Ferrothorn|Ferrothorn, F|319\/352","|move|p1a: Toxtricity|Boomburst|p2a: Ferrothorn","|-resisted|p2a: Ferrothorn","|-damage|p2a: Ferrothorn|181\/352","|","|-heal|p2a: Ferrothorn|203\/352|[from] item: Leftovers","|upkeep","|turn|9","|","|switch|p1a: Snorlax|Snorlax, F|524\/524","|move|p2a: Ferrothorn|Leech Seed|p1a: Snorlax","|-start|p1a: Snorlax|move: Leech Seed","|","|-heal|p2a: Ferrothorn|225\/352|[from] item: Leftovers","|-damage|p1a: Snorlax|459\/524|[from] Leech Seed|[of] p2a: Ferrothorn","|-heal|p2a: Ferrothorn|290\/352|[silent]","|upkeep","|turn|10","|","|switch|p1a: Mandibuzz|Mandibuzz, F|318\/424","|switch|p2a: Rotom|Rotom-Wash|94\/241","|","|upkeep","|turn|11","|","|switch|p1a: Seismitoad|Seismitoad, F|414\/414","|move|p2a: Rotom|Trick|p1a: Seismitoad","|-activate|p2a: Rotom|move: Trick|[of] p1a: Seismitoad","|-item|p1a: Seismitoad|Choice Scarf|[from] move: Trick","|-item|p2a: Rotom|Leftovers|[from] move: Trick","|","|-heal|p2a: Rotom|109\/241|[from] item: Leftovers","|upkeep","|turn|12","|","|switch|p2a: Pelipper|Pelipper, M|323\/323","|-weather|RainDance|[from] ability: Drizzle|[of] p2a: Pelipper","|move|p1a: Seismitoad|Stealth Rock|p2a: Pelipper","|-sidestart94884|move: Stealth Rock","|","|-weather|RainDance|[upkeep]","|upkeep","|turn|13","|","|switch|p1a: Toxtricity|Toxtricity, F|191\/291","|move|p2a: Pelipper|Hydro Pump|p1a: Toxtricity","|-damage|p1a: Toxtricity|0 fnt","|faint|p1a: Toxtricity","|","|-weather|RainDance|[upkeep]","|upkeep","|","|switch|p1a: Snorlax|Snorlax, F|459\/524","|turn|14","|","|switch|p2a: Excadrill|Excadrill, M|361\/361","|-damage|p2a: Excadrill|350\/361|[from] Stealth Rock","|-ability|p2a: Excadrill|Mold Breaker","|move|p1a: Snorlax|Curse|p1a: Snorlax","|-unboost|p1a: Snorlax|spe|1","|-boost|p1a: Snorlax|atk|1","|-boost|p1a: Snorlax|def|1","|","|-weather|RainDance|[upkeep]","|-heal|p1a: Snorlax|491\/524|[from] item: Leftovers","|upkeep","|turn|15","|","|move|p2a: Excadrill|Rapid Spin|p1a: Snorlax","|-damage|p1a: Snorlax|416\/524","|-sideend94884|Stealth Rock|[from] move: Rapid Spin|[of] p2a: Excadrill","|-boost|p2a: Excadrill|spe|1","|-damage|p2a: Excadrill|314\/361|[from] item: Life Orb","|move|p1a: Snorlax|Curse|p1a: Snorlax","|-unboost|p1a: Snorlax|spe|1","|-boost|p1a: Snorlax|atk|1","|-boost|p1a: Snorlax|def|1","|","|-weather|RainDance|[upkeep]","|-heal|p1a: Snorlax|448\/524|[from] item: Leftovers","|upkeep","|turn|16","|","|switch|p2a: Toxapex|Toxapex, F|303\/303","|move|p1a: Snorlax|Body Press|p2a: Toxapex","|-resisted|p2a: Toxapex","|-damage|p2a: Toxapex|273\/303","|","|-weather|none","|-heal|p2a: Toxapex|291\/303|[from] item: Black Sludge","|-heal|p1a: Snorlax|480\/524|[from] item: Leftovers","|upkeep","|turn|17","|","|switch|p1a: Darmanitan|Darmanitan-Galar, M|308\/351","|move|p2a: Toxapex|Haze|p2a: Toxapex","|-clearallboost","|","|-heal|p2a: Toxapex|303\/303|[from] item: Black Sludge","|upkeep","|turn|18","|","|move|p2a: Toxapex|Baneful Bunker|p2a: Toxapex","|-singleturn|p2a: Toxapex|move: Protect","|move|p1a: Darmanitan|Earthquake|p2a: Toxapex","|-activate|p2a: Toxapex|move: Protect","|","|upkeep","|turn|19","|","|switch|p1a: Aegislash|Aegislash, F|324\/324","|switch|p2a: Pelipper|Pelipper, M|323\/323","|-weather|RainDance|[from] ability: Drizzle|[of] p2a: Pelipper","|","|-weather|RainDance|[upkeep]","|upkeep","|turn|20","|","|move|p2a: Pelipper|Hydro Pump|p1a: Aegislash","|-damage|p1a: Aegislash|32\/324","|-formechange|p1a: Aegislash|Aegislash-Blade||[from] ability: Stance Change","|move|p1a: Aegislash|Shadow Ball|p2a: Pelipper","|-damage|p2a: Pelipper|100\/323","|-unboost|p2a: Pelipper|spd|1","|","|-weather|RainDance|[upkeep]","|-heal|p1a: Aegislash|52\/324|[from] item: Leftovers","|upkeep","|turn|21","|","|switch|p2a: Rotom|Rotom-Wash|109\/241","|switch|p1a: Seismitoad|Seismitoad, F|414\/414","|","|-weather|RainDance|[upkeep]","|-heal|p2a: Rotom|124\/241|[from] item: Leftovers","|upkeep","|turn|22","|","|switch|p2a: Pelipper|Pelipper, M|100\/323","|move|p1a: Seismitoad|Stealth Rock|p2a: Pelipper","|-sidestart94884|move: Stealth Rock","|","|-weather|RainDance|[upkeep]","|upkeep","|turn|23","|","|switch|p1a: Snorlax|Snorlax, F|480\/524","|move|p2a: Pelipper|Hurricane|p1a: Snorlax","|-damage|p1a: Snorlax|317\/524","|","|-weather|none","|-heal|p1a: Snorlax|349\/524|[from] item: Leftovers","|upkeep","|turn|24","|","|switch|p2a: Excadrill|Excadrill, M|314\/361","|-damage|p2a: Excadrill|303\/361|[from] Stealth Rock","|-ability|p2a: Excadrill|Mold Breaker","|move|p1a: Snorlax|Darkest Lariat|p2a: Excadrill","|-damage|p2a: Excadrill|198\/361","|","|-heal|p1a: Snorlax|381\/524|[from] item: Leftovers","|upkeep","|turn|25","|","|switch|p1a: Mandibuzz|Mandibuzz, F|318\/424","|move|p2a: Excadrill|Earthquake|p1a: Mandibuzz","|-immune|p1a: Mandibuzz","|","|upkeep","|turn|26","|","|move|p2a: Excadrill|Rapid Spin|p1a: Mandibuzz","|-damage|p1a: Mandibuzz|263\/424","|-sideend94884|Stealth Rock|[from] move: Rapid Spin|[of] p2a: Excadrill","|-boost|p2a: Excadrill|spe|1","|-damage|p2a: Excadrill|162\/361|[from] item: Life Orb","|move|p1a: Mandibuzz|Foul Play|p2a: Excadrill","|-damage|p2a: Excadrill|0 fnt","|faint|p2a: Excadrill","|","|upkeep","|","|switch|p2a: Dracovish|Dracovish|321\/321","|turn|27","|","|switch|p1a: Seismitoad|Seismitoad, F|414\/414","|move|p2a: Dracovish|Fishious Rend|p1a: Seismitoad","|-immune|p1a: Seismitoad|[from] ability: Water Absorb","|","|upkeep","|turn|28","|","|switch|p2a: Pelipper|Pelipper, M|100\/323","|-weather|RainDance|[from] ability: Drizzle|[of] p2a: Pelipper","|move|p1a: Seismitoad|Toxic|p2a: Pelipper","|-status|p2a: Pelipper|tox","|","|-weather|RainDance|[upkeep]","|-damage|p2a: Pelipper|80\/323 tox|[from] psn","|upkeep","|turn|29","|","|switch|p1a: Snorlax|Snorlax, F|381\/524","|move|p2a: Pelipper|Hydro Pump|p1a: Snorlax|[miss]","|-miss|p2a: Pelipper|p1a: Snorlax","|","|-weather|RainDance|[upkeep]","|-heal|p1a: Snorlax|413\/524|[from] item: Leftovers","|-damage|p2a: Pelipper|40\/323 tox|[from] psn","|upkeep","|turn|30","|","|switch|p2a: Ferrothorn|Ferrothorn, F|290\/352","|switch|p1a: Seismitoad|Seismitoad, F|414\/414","|","|-weather|RainDance|[upkeep]","|-heal|p2a: Ferrothorn|312\/352|[from] item: Leftovers","|upkeep","|turn|31","|","|move|p1a: Seismitoad|Stealth Rock|p2a: Ferrothorn","|-sidestart94884|move: Stealth Rock","|move|p2a: Ferrothorn|Stealth Rock|p1a: Seismitoad","|-sidestart120618|move: Stealth Rock","|","|-weather|RainDance|[upkeep]","|-heal|p2a: Ferrothorn|334\/352|[from] item: Leftovers","|upkeep","|turn|32","|","|switch|p1a: Mandibuzz|Mandibuzz, F|263\/424","|move|p2a: Ferrothorn|Leech Seed|p1a: Mandibuzz","|-start|p1a: Mandibuzz|move: Leech Seed","|","|-weather|none","|-heal|p2a: Ferrothorn|352\/352|[from] item: Leftovers","|-damage|p1a: Mandibuzz|210\/424|[from] Leech Seed|[of] p2a: Ferrothorn","|upkeep","|turn|33","|","|move|p2a: Ferrothorn|Protect|p2a: Ferrothorn","|-singleturn|p2a: Ferrothorn|Protect","|move|p1a: Mandibuzz|Roost|p1a: Mandibuzz","|-heal|p1a: Mandibuzz|422\/424","|-singleturn|p1a: Mandibuzz|move: Roost","|","|-damage|p1a: Mandibuzz|369\/424|[from] Leech Seed|[of] p2a: Ferrothorn","|upkeep","|turn|34","|","|switch|p1a: Seismitoad|Seismitoad, F|414\/414","|-damage|p1a: Seismitoad|389\/414|[from] Stealth Rock","|move|p2a: Ferrothorn|Gyro Ball|p1a: Seismitoad","|-resisted|p1a: Seismitoad","|-damage|p1a: Seismitoad|317\/414","|","|upkeep","|turn|35","|","|move|p2a: Ferrothorn|Protect|p2a: Ferrothorn","|-singleturn|p2a: Ferrothorn|Protect","|move|p1a: Seismitoad|Scald|p2a: Ferrothorn","|-activate|p2a: Ferrothorn|move: Protect","|","|upkeep","|turn|36","|","|move|p1a: Seismitoad|Scald|p2a: Ferrothorn","|-resisted|p2a: Ferrothorn","|-damage|p2a: Ferrothorn|316\/352","|move|p2a: Ferrothorn|Leech Seed|p1a: Seismitoad|[miss]","|-miss|p2a: Ferrothorn|p1a: Seismitoad","|","|-heal|p2a: Ferrothorn|338\/352|[from] item: Leftovers","|upkeep","|turn|37","|","|move|p1a: Seismitoad|Scald|p2a: Ferrothorn","|-resisted|p2a: Ferrothorn","|-damage|p2a: Ferrothorn|302\/352","|move|p2a: Ferrothorn|Leech Seed|p1a: Seismitoad","|-start|p1a: Seismitoad|move: Leech Seed","|","|-heal|p2a: Ferrothorn|324\/352|[from] item: Leftovers","|-damage|p1a: Seismitoad|266\/414|[from] Leech Seed|[of] p2a: Ferrothorn","|-heal|p2a: Ferrothorn|352\/352|[silent]","|upkeep","|turn|38","|","|switch|p1a: Mandibuzz|Mandibuzz, F|369\/424","|switch|p2a: Rotom|Rotom-Wash|124\/241","|-damage|p2a: Rotom|94\/241|[from] Stealth Rock","|","|-heal|p2a: Rotom|109\/241|[from] item: Leftovers","|upkeep","|turn|39","|","|switch|p2a: Dracovish|Dracovish|321\/321","|-damage|p2a: Dracovish|281\/321|[from] Stealth Rock","|move|p1a: Mandibuzz|Toxic|p2a: Dracovish","|-status|p2a: Dracovish|tox","|","|-damage|p2a: Dracovish|261\/321 tox|[from] psn","|upkeep","|turn|40","|","|switch|p1a: Seismitoad|Seismitoad, F|266\/414","|-damage|p1a: Seismitoad|241\/414|[from] Stealth Rock","|move|p2a: Dracovish|Ice Fang|p1a: Seismitoad","|-damage|p1a: Seismitoad|162\/414","|-status|p1a: Seismitoad|frz","|","|-damage|p2a: Dracovish|221\/321 tox|[from] psn","|upkeep","|turn|41","|","|switch|p2a: Ferrothorn|Ferrothorn, F|352\/352","|-damage|p2a: Ferrothorn|330\/352|[from] Stealth Rock","|switch|p1a: Snorlax|Snorlax, F|413\/524","|-damage|p1a: Snorlax|348\/524|[from] Stealth Rock","|","|-heal|p1a: Snorlax|380\/524|[from] item: Leftovers","|-heal|p2a: Ferrothorn|352\/352|[from] item: Leftovers","|upkeep","|turn|42","|","|move|p1a: Snorlax|Curse|p1a: Snorlax","|-unboost|p1a: Snorlax|spe|1","|-boost|p1a: Snorlax|atk|1","|-boost|p1a: Snorlax|def|1","|move|p2a: Ferrothorn|Leech Seed|p1a: Snorlax","|-start|p1a: Snorlax|move: Leech Seed","|","|-heal|p1a: Snorlax|412\/524|[from] item: Leftovers","|-damage|p1a: Snorlax|347\/524|[from] Leech Seed|[of] p2a: Ferrothorn","|upkeep","|turn|43","|","|switch|p2a: Toxapex|Toxapex, F|303\/303","|-damage|p2a: Toxapex|266\/303|[from] Stealth Rock","|move|p1a: Snorlax|Curse|p1a: Snorlax","|-unboost|p1a: Snorlax|spe|1","|-boost|p1a: Snorlax|atk|1","|-boost|p1a: Snorlax|def|1","|","|-heal|p2a: Toxapex|284\/303|[from] item: Black Sludge","|-heal|p1a: Snorlax|379\/524|[from] item: Leftovers","|-damage|p1a: Snorlax|314\/524|[from] Leech Seed|[of] p2a: Toxapex","|-heal|p2a: Toxapex|303\/303|[silent]","|upkeep","|turn|44","|","|move|p2a: Toxapex|Haze|p2a: Toxapex","|-clearallboost","|move|p1a: Snorlax|Darkest Lariat|p2a: Toxapex","|-damage|p2a: Toxapex|257\/303","|","|-heal|p2a: Toxapex|275\/303|[from] item: Black Sludge","|-heal|p1a: Snorlax|346\/524|[from] item: Leftovers","|-damage|p1a: Snorlax|281\/524|[from] Leech Seed|[of] p2a: Toxapex","|-heal|p2a: Toxapex|303\/303|[silent]","|upkeep","|turn|45","|","|switch|p2a: Rotom|Rotom-Wash|109\/241","|-damage|p2a: Rotom|79\/241|[from] Stealth Rock","|move|p1a: Snorlax|Rest|p1a: Snorlax","|-status|p1a: Snorlax|slp|[from] move: Rest","|-heal|p1a: Snorlax|524\/524 slp|[silent]","|","|-heal|p2a: Rotom|94\/241|[from] item: Leftovers","|-damage|p1a: Snorlax|459\/524 slp|[from] Leech Seed|[of] p2a: Rotom","|-heal|p2a: Rotom|159\/241|[silent]","|upkeep","|turn|46","|","|switch|p2a: Dracovish|Dracovish|221\/321 tox","|-damage|p2a: Dracovish|181\/321 tox|[from] Stealth Rock","|switch|p1a: Seismitoad|Seismitoad, F|162\/414 frz","|-damage|p1a: Seismitoad|137\/414 frz|[from] Stealth Rock","|","|-damage|p2a: Dracovish|161\/321 tox|[from] psn","|upkeep","|turn|47","|","|switch|p1a: Snorlax|Snorlax, F|459\/524 slp","|-damage|p1a: Snorlax|394\/524 slp|[from] Stealth Rock","|move|p2a: Dracovish|Crunch|p1a: Snorlax","|-damage|p1a: Snorlax|227\/524 slp","|","|-heal|p1a: Snorlax|259\/524 slp|[from] item: Leftovers","|-damage|p2a: Dracovish|121\/321 tox|[from] psn","|upkeep","|turn|48","|","|switch|p2a: Ferrothorn|Ferrothorn, F|352\/352","|-damage|p2a: Ferrothorn|330\/352|[from] Stealth Rock","|switch|p1a: Mandibuzz|Mandibuzz, F|369\/424","|","|-heal|p2a: Ferrothorn|352\/352|[from] item: Leftovers","|upkeep","|turn|49","|","|move|p1a: Mandibuzz|Foul Play|p2a: Ferrothorn","|-damage|p2a: Ferrothorn|292\/352","|-damage|p1a: Mandibuzz|316\/424|[from] ability: Iron Barbs|[of] p2a: Ferrothorn","|move|p2a: Ferrothorn|Leech Seed|p1a: Mandibuzz","|-start|p1a: Mandibuzz|move: Leech Seed","|","|-heal|p2a: Ferrothorn|314\/352|[from] item: Leftovers","|-damage|p1a: Mandibuzz|263\/424|[from] Leech Seed|[of] p2a: Ferrothorn","|-heal|p2a: Ferrothorn|352\/352|[silent]","|upkeep","|turn|50","|","|switch|p1a: Snorlax|Snorlax, F|259\/524 slp","|-damage|p1a: Snorlax|194\/524 slp|[from] Stealth Rock","|move|p2a: Ferrothorn|Gyro Ball|p1a: Snorlax","|-damage|p1a: Snorlax|104\/524 slp","|","|-heal|p1a: Snorlax|136\/524 slp|[from] item: Leftovers","|upkeep","|turn|51","|","|cant|p1a: Snorlax|slp","|move|p2a: Ferrothorn|Gyro Ball|p1a: Snorlax","|-damage|p1a: Snorlax|34\/524 slp","|","|-heal|p1a: Snorlax|66\/524 slp|[from] item: Leftovers","|upkeep","|turn|52","|","|cant|p1a: Snorlax|slp","|move|p2a: Ferrothorn|Gyro Ball|p1a: Snorlax","|-damage|p1a: Snorlax|0 fnt","|faint|p1a: Snorlax","|","|upkeep","|","|switch|p1a: Darmanitan|Darmanitan-Galar, M|308\/351","|-damage|p1a: Darmanitan|221\/351|[from] Stealth Rock","|turn|53","|","|move|p2a: Ferrothorn|Protect|p2a: Ferrothorn","|-singleturn|p2a: Ferrothorn|Protect","|move|p1a: Darmanitan|Flare Blitz|p2a: Ferrothorn","|-activate|p2a: Ferrothorn|move: Protect","|","|upkeep","|turn|54","|","|switch|p2a: Toxapex|Toxapex, F|303\/303","|-damage|p2a: Toxapex|266\/303|[from] Stealth Rock","|move|p1a: Darmanitan|Flare Blitz|p2a: Toxapex","|-resisted|p2a: Toxapex","|-damage|p2a: Toxapex|194\/303","|-damage|p1a: Darmanitan|197\/351|[from] Recoil","|","|-heal|p2a: Toxapex|212\/303|[from] item: Black Sludge","|upkeep","|turn|55","|","|switch|p1a: Seismitoad|Seismitoad, F|137\/414 frz","|-damage|p1a: Seismitoad|112\/414 frz|[from] Stealth Rock","|switch|p2a: Ferrothorn|Ferrothorn, F|352\/352","|-damage|p2a: Ferrothorn|330\/352|[from] Stealth Rock","|","|-heal|p2a: Ferrothorn|352\/352|[from] item: Leftovers","|upkeep","|turn|56","|-message|120618 forfeited.","|","|win|94884","|l|\u2606120618","|raw|120618's rating: 1314 &rarr; <strong>1293<\/strong><br \/>(-21 for losing)","|raw|94884's rating: 1291 &rarr; <strong>1318<\/strong><br \/>(+27 for winning)",""],"p1":"120618","p1rating":1314,"p1team":[{"ability":"punkrock","evs":{"atk":0,"def":0,"hp":0,"spa":252,"spd":4,"spe":252},"happiness":160,"item":"choicespecs","ivs":{"atk":0,"def":31,"hp":31,"spa":31,"spd":31,"spe":31},"level":100,"moves":["overdrive","sludgewave","hyperbeam","boomburst"],"name":"Toxtricity","nature":"Modest","species":"Toxtricity"},{"ability":"stancechange","evs":{"atk":4,"def":0,"hp":252,"spa":252,"spd":0,"spe":0},"happiness":160,"item":"leftovers","ivs":{"atk":31,"def":31,"hp":31,"spa":31,"spd":31,"spe":0},"level":100,"moves":["shadowball","flashcannon","shadowsneak","kingsshield"],"name":"Aegislash","nature":"Quiet","species":"Aegislash"},{"ability":"gorillatactics","evs":{"atk":252,"def":4,"hp":0,"spa":0,"spd":0,"spe":252},"happiness":160,"item":"choicescarf","ivs":{"atk":31,"def":31,"hp":31,"spa":31,"spd":31,"spe":31},"level":100,"moves":["iciclecrash","flareblitz","earthquake","uturn"],"name":"Darmanitan","nature":"Jolly","species":"darmanitangalar"},{"ability":"overcoat","evs":{"atk":0,"def":244,"hp":252,"spa":0,"spd":12,"spe":0},"gender":"F","happiness":160,"item":"heavydutyboots","ivs":{"atk":0,"def":31,"hp":31,"spa":31,"spd":31,"spe":31},"level":100,"moves":["foulplay","defog","roost","toxic"],"name":"Mandibuzz","nature":"Impish","species":"Mandibuzz"},{"ability":"waterabsorb","evs":{"atk":0,"def":252,"hp":252,"spa":4,"spd":0,"spe":0},"happiness":160,"item":"leftovers","ivs":{"atk":0,"def":31,"hp":31,"spa":31,"spd":31,"spe":31},"level":100,"moves":["toxic","protect","stealthrock","scald"],"name":"Seismitoad","nature":"Bold","species":"Seismitoad"},{"ability":"thickfat","evs":{"atk":4,"def":0,"hp":252,"spa":0,"spd":252,"spe":0},"happiness":160,"item":"leftovers","ivs":{"atk":31,"def":31,"hp":31,"spa":31,"spd":31,"spe":31},"level":100,"moves":["bodypress","curse","rest","darkestlariat"],"name":"Snorlax","nature":"Careful","species":"Snorlax"}],"p2":"94884","p2rating":1291,"p2team":[{"ability":"strongjaw","evs":{"atk":252,"def":0,"hp":0,"spa":0,"spd":4,"spe":252},"gender":"N","happiness":160,"item":"choicescarf","ivs":{"atk":31,"def":31,"hp":31,"spa":31,"spd":31,"spe":31},"level":100,"moves":["psychicfangs","fishiousrend","crunch","icefang"],"name":"Dracovish","nature":"Jolly","species":"Dracovish"},{"ability":"drizzle","evs":{"atk":0,"def":0,"hp":248,"spa":252,"spd":8,"spe":0},"happiness":160,"item":"choicespecs","ivs":{"atk":31,"def":31,"hp":31,"spa":31,"spd":31,"spe":31},"level":100,"moves":["uturn","hurricane","hydropump","icebeam"],"name":"Pelipper","nature":"Modest","species":"Pelipper"},{"ability":"ironbarbs","evs":{"atk":4,"def":252,"hp":252,"spa":0,"spd":0,"spe":0},"happiness":160,"item":"leftovers","ivs":{"atk":31,"def":31,"hp":31,"spa":31,"spd":31,"spe":0},"level":100,"moves":["stealthrock","protect","leechseed","gyroball"],"name":"Ferrothorn","nature":"Relaxed","species":"Ferrothorn"},{"ability":"regenerator","evs":{"atk":0,"def":8,"hp":248,"spa":0,"spd":252,"spe":0},"happiness":160,"item":"blacksludge","ivs":{"atk":0,"def":31,"hp":31,"spa":31,"spd":31,"spe":31},"level":100,"moves":["haze","banefulbunker","recover","scald"],"name":"Toxapex","nature":"Calm","species":"Toxapex"},{"ability":"levitate","evs":{"atk":0,"def":0,"hp":0,"spa":252,"spd":4,"spe":252},"gender":"N","happiness":160,"item":"choicescarf","ivs":{"atk":0,"def":31,"hp":31,"spa":31,"spd":31,"spe":31},"level":100,"moves":["thunder","voltswitch","hydropump","trick"],"name":"Rotom","nature":"Timid","species":"rotomwash"},{"ability":"moldbreaker","evs":{"atk":252,"def":0,"hp":0,"spa":0,"spd":4,"spe":252},"happiness":160,"item":"lifeorb","ivs":{"atk":31,"def":31,"hp":31,"spa":31,"spd":31,"spe":31},"level":100,"moves":["rapidspin","earthquake","rockslide","ironhead"],"name":"Excadrill","nature":"Jolly","species":"Excadrill"}],"roomid":1023860,"score":[4,5],"seed":[36746,10884,64327,31956],"timestamp":"Sat Dec 28 2019 04:XX","turns":56,"winner":"94884","rated_battle":true,"average_rating":1302}