{"endType":"normal","format":"gen8ou","inputLog":[">version aa9f8c6b9cf4eca780a1296832ecd3b0009641e0",">version-origin 5e8529faaa5905c5f8e15eafaaefa806ee8c7d06",">start {\"formatid\":\"gen8ou\",\"seed\":[50990,22841,7918,36490],\"rated\":\"Rated battle\"}",">player p1 {\"\"name\":\"28774\",\"rating\":1313}",">player p2 {\"\"name\":\"26111\",\"rating\":1307}",">p1 team 1, 2, 3, 4, 5, 6",">p2 team 6, 2, 3, 4, 5, 1",">p1 move psychic",">p2 move pyroball",">p2 switch 3",">p1 switch 4",">p2 move fishiousrend",">p1 switch 5",">p2 move fishiousrend",">p1 switch 2",">p1 move dragondarts",">p2 switch 2",">p1 switch 5",">p2 move bravebird",">p1 move leechseed",">p2 move bravebird",">p1 switch 3",">p1 move willowisp",">p2 switch 5",">p1 switch 4",">p2 move stealthrock",">p1 move psychic",">p2 move earthquake",">p1 switch 5",">p2 move earthquake",">p1 move uturn",">p2 move scald",">p1 switch 4",">p2 switch 4",">p1 move thunderwave",">p2 move substitute",">p1 move voltswitch",">p2 move willowisp",">p1 switch 6",">p1 switch 6",">p2 move willowisp",">p1 move hydropump",">p2 move hex",">p1 move hydropump",">p2 move hex",">p1 switch 4",">p1 move dragondarts",">p2 switch 5",">p1 move dragondarts",">p2 move roost",">p2 switch 6",">p1 switch 5",">p2 move overdrive",">p1 switch 6",">p1 move rapidspin",">p2 move boomburst",">p1 move earthquake",">p2 move boomburst",">p2 switch 2",">p1 move earthquake",">p2 move fishiousrend",">p1 switch 5",">p1 move dragondarts",">p2 move fishiousrend",">p2 switch 5",">p1 move dragondarts",">p2 move hex"],"log":["|j|\u260628774","|j|\u260626111","|player|p1|28774|26|1313","|player|p2|26111|265|1307","|teamsize|p1|6","|teamsize|p2|6","|gametype|singles","|gen|8","|tier|[Gen 8] OU","|rated|","|rule|Sleep Clause Mod: Limit one foe put to sleep","|rule|Species Clause: Limit one of each Pok\u00e9mon","|rule|OHKO Clause: OHKO moves are banned","|rule|Evasion Moves Clause: Evasion moves are banned","|rule|Endless Battle Clause: Forcing endless battles is banned","|rule|HP Percentage Mod: HP is shown in percentages","|clearpoke","|poke|p1|Hatterene, F|","|poke|p1|Dragapult, F|","|poke|p1|Rotom-Wash|","|poke|p1|Ferrothorn, F|","|poke|p1|Hippowdon, M|","|poke|p1|Excadrill, F|","|poke|p2|Toxtricity, F|","|poke|p2|Corviknight, F|","|poke|p2|Dracovish|","|poke|p2|Dragapult, F|","|poke|p2|Seismitoad, F|","|poke|p2|Cinderace, M|","|rule|Dynamax Clause: You cannot dynamax","|teampreview","|","|start","|switch|p1a: Hatterene|Hatterene, F|318\/318","|switch|p2a: Cinderace|Cinderace, M|302\/302","|turn|1","|","|move|p2a: Cinderace|Pyro Ball|p1a: Hatterene","|-damage|p1a: Hatterene|113\/318","|move|p1a: Hatterene|Psychic|p2a: Cinderace","|-damage|p2a: Cinderace|0 fnt","|faint|p2a: Cinderace","|","|upkeep","|","|switch|p2a: Dracovish|Dracovish|321\/321","|turn|2","|","|switch|p1a: Ferrothorn|Ferrothorn, F|352\/352","|move|p2a: Dracovish|Fishious Rend|p1a: Ferrothorn","|-resisted|p1a: Ferrothorn","|-damage|p1a: Ferrothorn|123\/352","|-damage|p2a: Dracovish|281\/321|[from] ability: Iron Barbs|[of] p1a: Ferrothorn","|","|-heal|p1a: Ferrothorn|145\/352|[from] item: Leftovers","|upkeep","|turn|3","|","|switch|p1a: Hippowdon|Hippowdon, M|420\/420","|-weather|Sandstorm|[from] ability: Sand Stream|[of] p1a: Hippowdon","|move|p2a: Dracovish|Fishious Rend|p1a: Hippowdon","|-supereffective|p1a: Hippowdon","|-damage|p1a: Hippowdon|0 fnt","|faint|p1a: Hippowdon","|","|-weather|Sandstorm|[upkeep]","|-damage|p2a: Dracovish|261\/321|[from] Sandstorm","|upkeep","|","|switch|p1a: Dragapult|Dragapult, F|317\/317","|turn|4","|","|switch|p2a: Corviknight|Corviknight, F|400\/400","|-ability|p2a: Corviknight|Pressure","|move|p1a: Dragapult|Dragon Darts|p2a: Corviknight","|-resisted|p2a: Corviknight","|-damage|p2a: Corviknight|344\/400","|-resisted|p2a: Corviknight","|-damage|p2a: Corviknight|290\/400","|-hitcount|p2a: Corviknight|2","|","|-weather|Sandstorm|[upkeep]","|-damage|p1a: Dragapult|298\/317|[from] Sandstorm","|-heal|p2a: Corviknight|315\/400|[from] item: Leftovers","|upkeep","|turn|5","|","|switch|p1a: Ferrothorn|Ferrothorn, F|145\/352","|move|p2a: Corviknight|Brave Bird|p1a: Ferrothorn","|-damage|p1a: Ferrothorn|45\/352","|-damage|p2a: Corviknight|265\/400|[from] ability: Iron Barbs|[of] p1a: Ferrothorn","|-damage|p2a: Corviknight|232\/400|[from] Recoil","|","|-weather|Sandstorm|[upkeep]","|-heal|p2a: Corviknight|257\/400|[from] item: Leftovers","|-heal|p1a: Ferrothorn|67\/352|[from] item: Leftovers","|upkeep","|turn|6","|","|move|p2a: Corviknight|Brave Bird|p1a: Ferrothorn","|-damage|p1a: Ferrothorn|0 fnt","|-damage|p2a: Corviknight|207\/400|[from] ability: Iron Barbs|[of] p1a: Ferrothorn","|-damage|p2a: Corviknight|185\/400|[from] Recoil","|faint|p1a: Ferrothorn","|","|-weather|Sandstorm|[upkeep]","|-heal|p2a: Corviknight|210\/400|[from] item: Leftovers","|upkeep","|","|switch|p1a: Rotom|Rotom-Wash|304\/304","|turn|7","|","|switch|p2a: Seismitoad|Seismitoad, F|414\/414","|move|p1a: Rotom|Will-O-Wisp|p2a: Seismitoad","|-status|p2a: Seismitoad|brn","|","|-weather|none","|-damage|p2a: Seismitoad|389\/414 brn|[from] brn","|upkeep","|turn|8","|","|switch|p1a: Hatterene|Hatterene, F|113\/318","|move|p2a: Seismitoad|Stealth Rock|p1a: Hatterene","|move|p1a: Hatterene|Stealth Rock|p2a: Seismitoad|[from]Magic Bounce","|-sidestart26111|move: Stealth Rock","|","|-heal|p2a: Seismitoad|414\/414 brn|[from] item: Leftovers","|-damage|p2a: Seismitoad|389\/414 brn|[from] brn","|upkeep","|turn|9","|","|move|p2a: Seismitoad|Earthquake|p1a: Hatterene","|-damage|p1a: Hatterene|56\/318","|move|p1a: Hatterene|Psychic|p2a: Seismitoad","|-damage|p2a: Seismitoad|31\/414 brn","|","|-heal|p2a: Seismitoad|56\/414 brn|[from] item: Leftovers","|-damage|p2a: Seismitoad|31\/414 brn|[from] brn","|upkeep","|turn|10","|","|switch|p1a: Dragapult|Dragapult, F|298\/317","|move|p2a: Seismitoad|Earthquake|p1a: Dragapult","|-damage|p1a: Dragapult|223\/317","|","|-heal|p2a: Seismitoad|56\/414 brn|[from] item: Leftovers","|-damage|p2a: Seismitoad|31\/414 brn|[from] brn","|upkeep","|turn|11","|","|move|p1a: Dragapult|U-turn|p2a: Seismitoad","|-damage|p2a: Seismitoad|0 fnt","|faint|p2a: Seismitoad","|","|switch|p1a: Rotom|Rotom-Wash|304\/304","|","|upkeep","|","|switch|p2a: Dragapult|Dragapult, F|341\/341","|-damage|p2a: Dragapult|299\/341|[from] Stealth Rock","|turn|12","|","|move|p2a: Dragapult|Substitute|p2a: Dragapult","|-start|p2a: Dragapult|Substitute","|-damage|p2a: Dragapult|214\/341","|move|p1a: Rotom|Thunder Wave||[still]","|-fail|p1a: Rotom","|","|-heal|p2a: Dragapult|235\/341|[from] item: Leftovers","|upkeep","|turn|13","|","|move|p2a: Dragapult|Will-O-Wisp|p1a: Rotom","|-status|p1a: Rotom|brn","|move|p1a: Rotom|Volt Switch|p2a: Dragapult","|-resisted|p2a: Dragapult","|-activate|p2a: Dragapult|move: Substitute|[damage]","|","|switch|p1a: Excadrill|Excadrill, F|361\/361","|-item|p1a: Excadrill|Air Balloon","|","|-heal|p2a: Dragapult|256\/341|[from] item: Leftovers","|upkeep","|turn|14","|","|switch|p1a: Rotom|Rotom-Wash|304\/304 brn","|move|p2a: Dragapult|Will-O-Wisp|p1a: Rotom","|-fail|p1a: Rotom|brn","|","|-heal|p2a: Dragapult|277\/341|[from] item: Leftovers","|-damage|p1a: Rotom|285\/304 brn|[from] brn","|upkeep","|turn|15","|","|move|p2a: Dragapult|Hex|p1a: Rotom","|-damage|p1a: Rotom|113\/304 brn","|move|p1a: Rotom|Hydro Pump|p2a: Dragapult","|-resisted|p2a: Dragapult","|-end|p2a: Dragapult|Substitute","|","|-heal|p2a: Dragapult|298\/341|[from] item: Leftovers","|-heal|p1a: Rotom|132\/304 brn|[from] item: Leftovers","|-damage|p1a: Rotom|113\/304 brn|[from] brn","|upkeep","|turn|16","|","|move|p2a: Dragapult|Hex|p1a: Rotom","|-damage|p1a: Rotom|0 fnt","|faint|p1a: Rotom","|","|-heal|p2a: Dragapult|319\/341|[from] item: Leftovers","|upkeep","|","|switch|p1a: Dragapult|Dragapult, F|223\/317","|turn|17","|","|switch|p2a: Corviknight|Corviknight, F|210\/400","|-damage|p2a: Corviknight|160\/400|[from] Stealth Rock","|-ability|p2a: Corviknight|Pressure","|move|p1a: Dragapult|Dragon Darts|p2a: Corviknight","|-resisted|p2a: Corviknight","|-damage|p2a: Corviknight|107\/400","|-resisted|p2a: Corviknight","|-damage|p2a: Corviknight|47\/400","|-hitcount|p2a: Corviknight|2","|","|-heal|p2a: Corviknight|72\/400|[from] item: Leftovers","|upkeep","|turn|18","|","|move|p1a: Dragapult|Dragon Darts|p2a: Corviknight","|-resisted|p2a: Corviknight","|-damage|p2a: Corviknight|18\/400","|-resisted|p2a: Corviknight","|-damage|p2a: Corviknight|0 fnt","|-hitcount|p2a: Corviknight|2","|faint|p2a: Corviknight","|","|upkeep","|","|switch|p2a: Toxtricity|Toxtricity, F|292\/292","|-damage|p2a: Toxtricity|256\/292|[from] Stealth Rock","|turn|19","|","|switch|p1a: Hatterene|Hatterene, F|56\/318","|move|p2a: Toxtricity|Overdrive|p1a: Hatterene","|-damage|p1a: Hatterene|0 fnt","|-enditem|p2a: Toxtricity|Throat Spray","|-boost|p2a: Toxtricity|spa|1","|faint|p1a: Hatterene","|","|upkeep","|","|switch|p1a: Excadrill|Excadrill, F|361\/361","|-item|p1a: Excadrill|Air Balloon","|turn|20","|","|move|p1a: Excadrill|Rapid Spin|p2a: Toxtricity","|-damage|p2a: Toxtricity|172\/292","|-boost|p1a: Excadrill|spe|1","|move|p2a: Toxtricity|Boomburst|p1a: Excadrill","|-resisted|p1a: Excadrill","|-damage|p1a: Excadrill|144\/361","|-enditem|p1a: Excadrill|Air Balloon","|","|upkeep","|turn|21","|","|move|p1a: Excadrill|Earthquake|p2a: Toxtricity","|-supereffective|p2a: Toxtricity","|-damage|p2a: Toxtricity|0 fnt","|faint|p2a: Toxtricity","|","|upkeep","|","|switch|p2a: Dracovish|Dracovish|261\/321","|-damage|p2a: Dracovish|221\/321|[from] Stealth Rock","|turn|22","|","|move|p1a: Excadrill|Earthquake|p2a: Dracovish","|-damage|p2a: Dracovish|25\/321","|move|p2a: Dracovish|Fishious Rend|p1a: Excadrill","|-supereffective|p1a: Excadrill","|-damage|p1a: Excadrill|0 fnt","|faint|p1a: Excadrill","|","|upkeep","|","|switch|p1a: Dragapult|Dragapult, F|223\/317","|turn|23","|","|move|p1a: Dragapult|Dragon Darts|p2a: Dracovish","|-supereffective|p2a: Dracovish","|-damage|p2a: Dracovish|0 fnt","|-hitcount|p2a: Dracovish|1","|faint|p2a: Dracovish","|","|upkeep","|","|switch|p2a: Dragapult|Dragapult, F|319\/341","|-damage|p2a: Dragapult|277\/341|[from] Stealth Rock","|turn|24","|","|move|p2a: Dragapult|Hex|p1a: Dragapult","|-supereffective|p1a: Dragapult","|-damage|p1a: Dragapult|0 fnt","|faint|p1a: Dragapult","|","|win|26111","|l|\u260628774","|raw|28774's rating: 1313 &rarr; <strong>1293<\/strong><br \/>(-20 for losing)","|raw|26111's rating: 1307 &rarr; <strong>1327<\/strong><br \/>(+20 for winning)",""],"p1":"28774","p1rating":1313,"p1team":[{"ability":"magicbounce","evs":{"atk":0,"def":0,"hp":252,"spa":252,"spd":4,"spe":0},"gender":"F","happiness":160,"item":"choicespecs","ivs":{"atk":0,"def":31,"hp":31,"spa":31,"spd":31,"spe":31},"level":100,"moves":["psychic","shadowball","dazzlinggleam","mysticalfire"],"name":"Hatterene","nature":"Modest","species":"Hatterene"},{"ability":"infiltrator","evs":{"atk":252,"def":0,"hp":0,"spa":0,"spd":4,"spe":252},"happiness":160,"item":"choiceband","ivs":{"atk":31,"def":31,"hp":31,"spa":31,"spd":31,"spe":31},"level":100,"moves":["uturn","dragondarts","outrage","phantomforce"],"name":"Dragapult","nature":"Adamant","species":"Dragapult"},{"ability":"levitate","evs":{"atk":0,"def":200,"hp":252,"spa":0,"spd":0,"spe":56},"gender":"N","happiness":160,"item":"leftovers","ivs":{"atk":0,"def":31,"hp":31,"spa":31,"spd":31,"spe":31},"level":100,"moves":["hydropump","voltswitch","willowisp","thunderwave"],"name":"Rotom","nature":"Bold","species":"rotomwash"},{"ability":"ironbarbs","evs":{"atk":0,"def":48,"hp":252,"spa":0,"spd":208,"spe":0},"happiness":160,"item":"leftovers","ivs":{"atk":31,"def":31,"hp":31,"spa":31,"spd":31,"spe":31},"level":100,"moves":["spikes","thunderwave","leechseed","powerwhip"],"name":"Ferrothorn","nature":"Careful","species":"Ferrothorn"},{"ability":"sandstream","evs":{"atk":0,"def":144,"hp":252,"spa":0,"spd":112,"spe":0},"happiness":160,"item":"leftovers","ivs":{"atk":31,"def":31,"hp":31,"spa":31,"spd":31,"spe":31},"level":100,"moves":["stealthrock","earthquake","slackoff","whirlwind"],"name":"Hippowdon","nature":"Impish","species":"Hippowdon"},{"ability":"sandrush","evs":{"atk":252,"def":0,"hp":0,"spa":0,"spd":4,"spe":252},"happiness":160,"item":"airballoon","ivs":{"atk":31,"def":31,"hp":31,"spa":31,"spd":31,"spe":31},"level":100,"moves":["earthquake","swordsdance","rapidspin","ironhead"],"name":"Excadrill","nature":"Adamant","species":"Excadrill"}],"p2":"26111","p2rating":1307,"p2team":[{"ability":"punkrock","evs":{"atk":0,"def":0,"hp":4,"spa":252,"spd":0,"spe":252},"happiness":160,"item":"throatspray","ivs":{"atk":0,"def":31,"hp":31,"spa":31,"spd":31,"spe":31},"level":100,"moves":["boomburst","overdrive","sludgewave","shiftgear"],"name":"Toxtricity","nature":"Modest","species":"Toxtricity"},{"ability":"pressure","evs":{"atk":0,"def":76,"hp":252,"spa":0,"spd":180,"spe":0},"happiness":160,"item":"leftovers","ivs":{"atk":31,"def":31,"hp":31,"spa":31,"spd":31,"spe":31},"level":100,"moves":["bravebird","roost","defog","uturn"],"name":"Corviknight","nature":"Impish","species":"Corviknight"},{"ability":"strongjaw","evs":{"atk":252,"def":0,"hp":0,"spa":0,"spd":4,"spe":252},"gender":"N","happiness":160,"item":"choiceband","ivs":{"atk":31,"def":31,"hp":31,"spa":31,"spd":31,"spe":31},"level":100,"moves":["fishiousrend","psychicfangs","crunch","outrage"],"name":"Dracovish","nature":"Adamant","species":"Dracovish"},{"ability":"infiltrator","evs":{"atk":0,"def":16,"hp":96,"spa":184,"spd":0,"spe":212},"happiness":160,"item":"leftovers","ivs":{"atk":31,"def":31,"hp":31,"spa":31,"spd":31,"spe":31},"level":100,"moves":["substitute","willowisp","hex","disable"],"name":"Dragapult","nature":"Timid","species":"Dragapult"},{"ability":"waterabsorb","evs":{"atk":0,"def":252,"hp":252,"spa":0,"spd":4,"spe":0},"happiness":160,"item":"leftovers","ivs":{"atk":31,"def":31,"hp":31,"spa":31,"spd":31,"spe":31},"level":100,"moves":["stealthrock","scald","earthquake","toxic"],"name":"Seismitoad","nature":"Relaxed","species":"Seismitoad"},{"ability":"blaze","evs":{"atk":252,"def":0,"hp":4,"spa":0,"spd":0,"spe":252},"happiness":160,"item":"choicescarf","ivs":{"atk":31,"def":31,"hp":31,"spa":31,"spd":31,"spe":31},"level":100,"moves":["gunkshot","pyroball","highjumpkick","uturn"],"name":"Cinderace","nature":"Jolly","species":"Cinderace"}],"roomid":1023796,"score":[0,1],"seed":[50990,22841,7918,36490],"timestamp":"Sat Dec 28 2019 00:XX","turns":24,"winner":"26111","rated_battle":true,"average_rating":1310}