{"endType":"normal","format":"gen8ou","inputLog":[">version aa9f8c6b9cf4eca780a1296832ecd3b0009641e0",">version-origin 5e8529faaa5905c5f8e15eafaaefa806ee8c7d06",">start {\"formatid\":\"gen8ou\",\"seed\":[47341,60901,55341,53921],\"rated\":\"Rated battle\"}",">player p1 {\"\"name\":\"9449\",\"rating\":1370}",">player p2 {\"\"name\":\"30958\",\"rating\":1309}",">p1 team 4, 2, 3, 1, 5, 6",">p2 team 3, 2, 1, 4, 5, 6",">p1 move toxicspikes",">p2 move icepunch",">p1 move willowisp",">p2 move icepunch",">p1 move willowisp",">p2 move icepunch",">p1 switch 2",">p1 move thunderwave",">p2 switch 5",">p1 move spikes",">p2 move firelash",">p1 move spikes",">p2 move firelash",">p1 switch 3",">p1 move shellsmash",">p2 move powerwhip",">p1 switch 6",">p1 move surf",">p2 move powerwhip",">p2 switch 4",">p1 move surf",">p2 move shadowball",">p1 move surf",">p2 move shadowsneak",">p1 switch 4",">p1 move stealthrock",">p2 move shadowball",">p1 move earthquake",">p2 move kingsshield",">p1 move earthquake",">p2 move shadowsneak",">p2 switch 6",">p1 move rapidspin",">p2 move surf",">p1 switch 5",">p1 move substitute",">p2 move endure",">p1 move dragontail",">p2 move endure",">p2 switch 2",">p1 move hex",">p2 move trickroom",">p2 switch 5",">p1 move hex",">p2 move icepunch",">p1 move hex",">p2 move icepunch",">p2 switch 3",">p1 move dracometeor",">p2 move dragonclaw"],"log":["|j|\u26069449","|j|\u260630958","|player|p1|9449|ghetsis-gen5bw|1370","|player|p2|30958|238|1309","|teamsize|p1|6","|teamsize|p2|6","|gametype|singles","|gen|8","|tier|[Gen 8] OU","|rated|","|rule|Sleep Clause Mod: Limit one foe put to sleep","|rule|Species Clause: Limit one of each Pok\u00e9mon","|rule|OHKO Clause: OHKO moves are banned","|rule|Evasion Moves Clause: Evasion moves are banned","|rule|Endless Battle Clause: Forcing endless battles is banned","|rule|HP Percentage Mod: HP is shown in percentages","|clearpoke","|poke|p1|Excadrill, F|","|poke|p1|Froslass, F|","|poke|p1|Cloyster, M|","|poke|p1|Runerigus, F|","|poke|p1|Dragapult, F|","|poke|p1|Inteleon, F|","|poke|p2|Haxorus, F|","|poke|p2|Reuniclus, M|","|poke|p2|Conkeldurr, M|","|poke|p2|Aegislash, M|","|poke|p2|Centiskorch, F|","|poke|p2|Cramorant, F|","|rule|Dynamax Clause: You cannot dynamax","|teampreview","|","|start","|switch|p1a: Runerigus|Runerigus, F|319\/319","|switch|p2a: Conkeldurr|Conkeldurr, M|413\/413","|turn|1","|","|move|p2a: Conkeldurr|Ice Punch|p1a: Runerigus","|-supereffective|p1a: Runerigus","|-damage|p1a: Runerigus|189\/319","|-activate|p2a: Conkeldurr|ability: Wandering Spirit|Wandering Spirit|Guts|[of] p1a: Runerigus","|move|p1a: Runerigus|Toxic Spikes|p2a: Conkeldurr","|-sidestart30958|move: Toxic Spikes","|","|-heal|p1a: Runerigus|208\/319|[from] item: Leftovers","|upkeep","|turn|2","|","|move|p2a: Conkeldurr|Ice Punch|p1a: Runerigus","|-supereffective|p1a: Runerigus","|-damage|p1a: Runerigus|78\/319","|move|p1a: Runerigus|Will-O-Wisp|p2a: Conkeldurr|[miss]","|-miss|p1a: Runerigus|p2a: Conkeldurr","|","|-heal|p1a: Runerigus|97\/319|[from] item: Leftovers","|upkeep","|turn|3","|","|move|p2a: Conkeldurr|Ice Punch|p1a: Runerigus","|-supereffective|p1a: Runerigus","|-damage|p1a: Runerigus|0 fnt","|faint|p1a: Runerigus","|","|upkeep","|","|switch|p1a: Froslass|Froslass, F|281\/281","|turn|4","|","|switch|p2a: Centiskorch|Centiskorch, F|341\/341","|move|p1a: Froslass|Thunder Wave|p2a: Centiskorch","|-status|p2a: Centiskorch|par","|","|upkeep","|turn|5","|","|move|p1a: Froslass|Spikes|p2a: Centiskorch","|-sidestart30958|Spikes","|move|p2a: Centiskorch|Fire Lash|p1a: Froslass","|-supereffective|p1a: Froslass","|-enditem|p1a: Froslass|Focus Sash","|-damage|p1a: Froslass|1\/281","|-unboost|p1a: Froslass|def|1","|","|upkeep","|turn|6","|","|move|p1a: Froslass|Spikes|p2a: Centiskorch","|-sidestart30958|Spikes","|move|p2a: Centiskorch|Fire Lash|p1a: Froslass","|-supereffective|p1a: Froslass","|-damage|p1a: Froslass|0 fnt","|faint|p1a: Froslass","|","|upkeep","|","|switch|p1a: Cloyster|Cloyster, M|241\/241","|turn|7","|","|move|p1a: Cloyster|Shell Smash|p1a: Cloyster","|-unboost|p1a: Cloyster|def|1","|-unboost|p1a: Cloyster|spd|1","|-boost|p1a: Cloyster|atk|2","|-boost|p1a: Cloyster|spa|2","|-boost|p1a: Cloyster|spe|2","|move|p2a: Centiskorch|Power Whip|p1a: Cloyster","|-supereffective|p1a: Cloyster","|-damage|p1a: Cloyster|0 fnt","|faint|p1a: Cloyster","|","|upkeep","|","|switch|p1a: Inteleon|Inteleon, F|281\/281","|turn|8","|","|move|p1a: Inteleon|Surf|p2a: Centiskorch","|-supereffective|p2a: Centiskorch","|-damage|p2a: Centiskorch|0 fnt","|faint|p2a: Centiskorch","|","|upkeep","|","|switch|p2a: Aegislash|Aegislash, M|323\/323","|-damage|p2a: Aegislash|270\/323|[from] Spikes","|turn|9","|","|move|p1a: Inteleon|Surf|p2a: Aegislash","|-damage|p2a: Aegislash|93\/323","|-formechange|p2a: Aegislash|Aegislash-Blade||[from] ability: Stance Change","|move|p2a: Aegislash|Shadow Ball|p1a: Inteleon","|-damage|p1a: Inteleon|74\/281","|","|-heal|p2a: Aegislash|113\/323|[from] item: Leftovers","|upkeep","|turn|10","|","|move|p2a: Aegislash|Shadow Sneak|p1a: Inteleon","|-damage|p1a: Inteleon|0 fnt","|faint|p1a: Inteleon","|","|-heal|p2a: Aegislash|133\/323|[from] item: Leftovers","|upkeep","|","|switch|p1a: Excadrill|Excadrill, F|361\/361","|-ability|p1a: Excadrill|Mold Breaker","|turn|11","|","|move|p1a: Excadrill|Stealth Rock|p2a: Aegislash","|-sidestart30958|move: Stealth Rock","|move|p2a: Aegislash|Shadow Ball|p1a: Excadrill","|-damage|p1a: Excadrill|153\/361","|","|-heal|p2a: Aegislash|153\/323|[from] item: Leftovers","|upkeep","|turn|12","|","|-formechange|p2a: Aegislash|Aegislash||[from] ability: Stance Change","|move|p2a: Aegislash|King's Shield|p2a: Aegislash","|-singleturn|p2a: Aegislash|Protect","|move|p1a: Excadrill|Earthquake|p2a: Aegislash","|-activate|p2a: Aegislash|move: Protect","|","|-heal|p2a: Aegislash|173\/323|[from] item: Leftovers","|upkeep","|turn|13","|","|-formechange|p2a: Aegislash|Aegislash-Blade||[from] ability: Stance Change","|move|p2a: Aegislash|Shadow Sneak|p1a: Excadrill","|-damage|p1a: Excadrill|48\/361","|move|p1a: Excadrill|Earthquake|p2a: Aegislash","|-supereffective|p2a: Aegislash","|-damage|p2a: Aegislash|0 fnt","|faint|p2a: Aegislash","|","|upkeep","|","|switch|p2a: Cramorant|Cramorant, F|281\/281","|-damage|p2a: Cramorant|211\/281|[from] Stealth Rock","|turn|14","|","|move|p1a: Excadrill|Rapid Spin|p2a: Cramorant","|-damage|p2a: Cramorant|113\/281","|-boost|p1a: Excadrill|spe|1","|move|p2a: Cramorant|Surf|p1a: Excadrill","|-supereffective|p1a: Excadrill","|-damage|p1a: Excadrill|0 fnt","|-formechange|p2a: Cramorant|Cramorant-Gorging|","|faint|p1a: Excadrill","|","|upkeep","|","|switch|p1a: Dragapult|Dragapult, F|317\/317","|turn|15","|","|move|p2a: Cramorant|Endure|p2a: Cramorant","|-singleturn|p2a: Cramorant|move: Endure","|move|p1a: Dragapult|Substitute|p1a: Dragapult","|-start|p1a: Dragapult|Substitute","|-damage|p1a: Dragapult|238\/317","|","|upkeep","|turn|16","|","|move|p2a: Cramorant|Endure||[still]","|-fail|p2a: Cramorant","|move|p1a: Dragapult|Dragon Tail|p2a: Cramorant","|-formechange|p2a: Cramorant|Cramorant|","|-damage|p1a: Dragapult|159\/317|[from] ability: Gulp Missile|[of] p2a: Cramorant","|-status|p1a: Dragapult|par","|-damage|p2a: Cramorant|0 fnt","|faint|p2a: Cramorant","|","|upkeep","|","|switch|p2a: Reuniclus|Reuniclus, M|424\/424","|-status|p2a: Reuniclus|psn","|turn|17","|","|move|p1a: Dragapult|Hex|p2a: Reuniclus","|-supereffective|p2a: Reuniclus","|-damage|p2a: Reuniclus|0 fnt","|faint|p2a: Reuniclus","|","|upkeep","|","|switch|p2a: Conkeldurr|Conkeldurr, M|413\/413","|-damage|p2a: Conkeldurr|345\/413|[from] Spikes","|-status|p2a: Conkeldurr|psn","|-damage|p2a: Conkeldurr|320\/413 psn|[from] Stealth Rock","|turn|18","|","|move|p1a: Dragapult|Hex|p2a: Conkeldurr","|-damage|p2a: Conkeldurr|113\/413 psn","|move|p2a: Conkeldurr|Ice Punch|p1a: Dragapult","|-supereffective|p1a: Dragapult","|-end|p1a: Dragapult|Substitute","|","|-damage|p2a: Conkeldurr|62\/413 psn|[from] psn","|upkeep","|turn|19","|","|move|p1a: Dragapult|Hex|p2a: Conkeldurr","|-damage|p2a: Conkeldurr|0 fnt","|faint|p2a: Conkeldurr","|","|upkeep","|","|switch|p2a: Haxorus|Haxorus, F|293\/293","|-status|p2a: Haxorus|psn","|-damage|p2a: Haxorus|245\/293 psn|[from] Spikes","|-damage|p2a: Haxorus|209\/293 psn|[from] Stealth Rock","|-ability|p2a: Haxorus|Mold Breaker","|-enditem|p2a: Haxorus|Lum Berry|[eat]","|-curestatus|p2a: Haxorus|psn|[msg]","|turn|20","|","|move|p2a: Haxorus|Dragon Claw|p1a: Dragapult","|-supereffective|p1a: Dragapult","|-damage|p1a: Dragapult|0 fnt","|faint|p1a: Dragapult","|","|win|30958","|raw|9449's rating: 1370 &rarr; <strong>1347<\/strong><br \/>(-23 for losing)","|raw|30958's rating: 1309 &rarr; <strong>1332<\/strong><br \/>(+23 for winning)",""],"p1":"9449","p1rating":1370,"p1team":[{"ability":"moldbreaker","evs":{"atk":252,"def":0,"hp":0,"spa":0,"spd":4,"spe":252},"happiness":160,"item":"focussash","ivs":{"atk":31,"def":31,"hp":31,"spa":31,"spd":31,"spe":31},"level":100,"moves":["rapidspin","stealthrock","earthquake","ironhead"],"name":"Excadrill","nature":"Jolly","species":"Excadrill"},{"ability":"snowcloak","evs":{"atk":0,"def":4,"hp":0,"spa":252,"spd":0,"spe":252},"gender":"F","happiness":160,"item":"focussash","ivs":{"atk":0,"def":31,"hp":31,"spa":31,"spd":31,"spe":31},"level":100,"moves":["thunderwave","spikes","taunt","hex"],"name":"Froslass","nature":"Timid","species":"Froslass"},{"ability":"skilllink","evs":{"atk":252,"def":0,"hp":0,"spa":0,"spd":4,"spe":252},"happiness":160,"item":"lumberry","ivs":{"atk":31,"def":31,"hp":31,"spa":31,"spd":31,"spe":31},"level":100,"moves":["iciclespear","shellsmash","rockblast","liquidation"],"name":"Cloyster","nature":"Jolly","species":"Cloyster"},{"ability":"wanderingspirit","evs":{"atk":0,"def":148,"hp":248,"spa":8,"spd":104,"spe":0},"happiness":160,"item":"leftovers","ivs":{"atk":31,"def":31,"hp":31,"spa":31,"spd":31,"spe":31},"level":100,"moves":["willowisp","toxicspikes","curse","earthquake"],"name":"Runerigus","nature":"Bold","species":"Runerigus"},{"ability":"clearbody","evs":{"atk":0,"def":0,"hp":0,"spa":252,"spd":0,"spe":252},"happiness":160,"item":"dragonfang","ivs":{"atk":31,"def":31,"hp":31,"spa":31,"spd":31,"spe":31},"level":100,"moves":["hex","dragontail","dracometeor","substitute"],"name":"Dragapult","nature":"Modest","species":"Dragapult"},{"ability":"torrent","evs":{"atk":0,"def":0,"hp":0,"spa":252,"spd":4,"spe":252},"happiness":160,"item":"choicespecs","ivs":{"atk":0,"def":31,"hp":31,"spa":31,"spd":31,"spe":31},"level":100,"moves":["surf","icebeam","shadowball","scald"],"name":"Inteleon","nature":"Timid","species":"Inteleon"}],"p2":"30958","p2rating":1309,"p2team":[{"ability":"moldbreaker","evs":{"atk":252,"def":4,"hp":0,"spa":0,"spd":0,"spe":252},"happiness":160,"item":"lumberry","ivs":{"atk":31,"def":31,"hp":31,"spa":31,"spd":31,"spe":31},"level":100,"moves":["dragondance","earthquake","dragonclaw","poisonjab"],"name":"Haxorus","nature":"Jolly","species":"Haxorus"},{"ability":"magicguard","evs":{"atk":0,"def":4,"hp":252,"spa":252,"spd":0,"spe":0},"happiness":160,"item":"lifeorb","ivs":{"atk":0,"def":31,"hp":31,"spa":31,"spd":31,"spe":31},"level":100,"moves":["trickroom","psychic","shadowball","focusblast"],"name":"Reuniclus","nature":"Quiet","species":"Reuniclus"},{"ability":"guts","evs":{"atk":252,"def":0,"hp":248,"spa":0,"spd":8,"spe":0},"happiness":160,"item":"assaultvest","ivs":{"atk":31,"def":31,"hp":31,"spa":31,"spd":31,"spe":31},"level":100,"moves":["drainpunch","icepunch","poisonjab","machpunch"],"name":"Conkeldurr","nature":"Brave","species":"Conkeldurr"},{"ability":"stancechange","evs":{"atk":0,"def":76,"hp":248,"spa":144,"spd":40,"spe":0},"happiness":160,"item":"leftovers","ivs":{"atk":31,"def":31,"hp":31,"spa":31,"spd":31,"spe":31},"level":100,"moves":["shadowball","shadowsneak","flashcannon","kingsshield"],"name":"Aegislash","nature":"Quiet","species":"Aegislash"},{"ability":"flashfire","evs":{"atk":252,"def":0,"hp":0,"spa":0,"spd":0,"spe":252},"happiness":160,"item":"heavydutyboots","ivs":{"atk":31,"def":31,"hp":31,"spa":31,"spd":31,"spe":31},"level":100,"moves":["firelash","substitute","leechlife","powerwhip"],"name":"Centiskorch","nature":"Adamant","species":"Centiskorch"},{"ability":"gulpmissile","evs":{"atk":0,"def":4,"hp":0,"spa":252,"spd":0,"spe":252},"happiness":160,"item":"salacberry","ivs":{"atk":0,"def":31,"hp":31,"spa":31,"spd":31,"spe":31},"level":100,"moves":["surf","icebeam","airslash","endure"],"name":"Cramorant","nature":"Timid","species":"Cramorant"}],"roomid":1018970,"score":[0,1],"seed":[47341,60901,55341,53921],"timestamp":"Sat Dec 28 2019 10:XX","turns":20,"winner":"30958","rated_battle":true,"average_rating":1339}