{"endType":"forfeit","format":"gen8ou","inputLog":[">version aa9f8c6b9cf4eca780a1296832ecd3b0009641e0",">version-origin 5e8529faaa5905c5f8e15eafaaefa806ee8c7d06",">start {\"formatid\":\"gen8ou\",\"seed\":[56151,14591,23168,34653],\"rated\":\"Rated battle\"}",">player p1 {\"\"name\":\"6838\",\"rating\":1418}",">player p2 {\"\"name\":\"20076\",\"rating\":1362}",">p1 team 1, 2, 3, 4, 5, 6",">p2 team 3, 2, 1, 4, 5, 6",">p1 move iciclecrash",">p2 move flamethrower",">p1 switch 4",">p1 move nastyplot",">p2 switch 6",">p1 move nastyplot",">p2 move stealthrock",">p1 move nastyplot",">p2 switch 5",">p1 move discharge",">p2 move haze",">p2 switch 4",">p1 move discharge",">p2 move trick",">p1 move discharge",">p2 switch 2",">p1 switch 2",">p2 move leechseed",">p1 move defog",">p2 move stealthrock",">p1 switch 5",">p2 move stealthrock",">p1 move shadowball",">p2 move knockoff",">p1 move shadowball",">p2 move leechseed",">p1 switch 2",">p1 move overheat",">p2 switch 2",">p1 move overheat",">p2 move willowisp",">p1 move overheat",">p2 move overheat",">p1 move overheat",">p2 switch 5",">p1 switch 3",">p2 move hex",">p1 move toxic",">p2 switch 3",">p1 move scald",">p2 move bulkup",">p1 switch 3",">p2 move bravebird",">p1 switch 6",">p1 move bulkup",">p2 move bravebird",">p1 move bulkup",">p2 move bulkup",">p1 move spiritbreak",">p2 move bulkup"],"log":["|j|\u26066838","|j|\u260620076","|player|p1|6838|infielder|1418","|player|p2|20076|skierf-gen4dp|1362","|teamsize|p1|6","|teamsize|p2|6","|gametype|singles","|gen|8","|tier|[Gen 8] OU","|rated|","|rule|Sleep Clause Mod: Limit one foe put to sleep","|rule|Species Clause: Limit one of each Pok\u00e9mon","|rule|OHKO Clause: OHKO moves are banned","|rule|Evasion Moves Clause: Evasion moves are banned","|rule|Endless Battle Clause: Forcing endless battles is banned","|rule|HP Percentage Mod: HP is shown in percentages","|clearpoke","|poke|p1|Darmanitan-Galar, M|","|poke|p1|Mandibuzz, F|","|poke|p1|Seismitoad, M|","|poke|p1|Rotom-Heat|","|poke|p1|Aegislash, F|","|poke|p1|Grimmsnarl, M|","|poke|p2|Corviknight, M|","|poke|p2|Ferrothorn, M|","|poke|p2|Hydreigon, M|","|poke|p2|Rotom-Heat|","|poke|p2|Toxapex, F|","|poke|p2|Corsola-Galar, M|","|rule|Dynamax Clause: You cannot dynamax","|teampreview","|","|start","|switch|p1a: Darmanitan|Darmanitan-Galar, M|352\/352","|switch|p2a: Hydreigon|Hydreigon, M, shiny|326\/326","|turn|1","|","|move|p2a: Hydreigon|Flamethrower|p1a: Darmanitan","|-supereffective|p1a: Darmanitan","|-damage|p1a: Darmanitan|8\/352","|-status|p1a: Darmanitan|brn","|move|p1a: Darmanitan|Icicle Crash|p2a: Hydreigon","|-supereffective|p2a: Hydreigon","|-damage|p2a: Hydreigon|80\/326","|","|-damage|p1a: Darmanitan|0 fnt|[from] brn","|faint|p1a: Darmanitan","|upkeep","|","|switch|p1a: Rotom|Rotom-Heat, shiny|304\/304","|turn|2","|","|switch|p2a: Corsola|Corsola-Galar, M, shiny|324\/324","|move|p1a: Rotom|Nasty Plot|p1a: Rotom","|-boost|p1a: Rotom|spa|2","|","|upkeep","|turn|3","|","|move|p1a: Rotom|Nasty Plot|p1a: Rotom","|-boost|p1a: Rotom|spa|2","|move|p2a: Corsola|Stealth Rock|p1a: Rotom","|-sidestart6838|move: Stealth Rock","|","|upkeep","|turn|4","|","|switch|p2a: Toxapex|Toxapex, F|304\/304","|move|p1a: Rotom|Nasty Plot|p1a: Rotom","|-boost|p1a: Rotom|spa|2","|","|upkeep","|turn|5","|","|move|p1a: Rotom|Discharge|p2a: Toxapex","|-supereffective|p2a: Toxapex","|-damage|p2a: Toxapex|0 fnt","|faint|p2a: Toxapex","|","|upkeep","|","|switch|p2a: Rotom|Rotom-Heat, shiny|269\/269","|turn|6","|","|move|p2a: Rotom|Trick|p1a: Rotom","|-activate|p2a: Rotom|move: Trick|[of] p1a: Rotom","|-item|p1a: Rotom|Choice Scarf|[from] move: Trick","|-item|p2a: Rotom|Heavy-Duty Boots|[from] move: Trick","|move|p1a: Rotom|Discharge|p2a: Rotom","|-resisted|p2a: Rotom","|-damage|p2a: Rotom|115\/269","|","|upkeep","|turn|7","|","|switch|p2a: Ferrothorn|Ferrothorn, M, shiny|328\/328","|move|p1a: Rotom|Discharge|p2a: Ferrothorn","|-resisted|p2a: Ferrothorn","|-damage|p2a: Ferrothorn|207\/328","|","|-heal|p2a: Ferrothorn|227\/328|[from] item: Leftovers","|upkeep","|turn|8","|","|switch|p1a: Mandibuzz|Mandibuzz, F, shiny|423\/423","|move|p2a: Ferrothorn|Leech Seed|p1a: Mandibuzz","|-start|p1a: Mandibuzz|move: Leech Seed","|","|-heal|p2a: Ferrothorn|247\/328|[from] item: Leftovers","|-damage|p1a: Mandibuzz|371\/423|[from] Leech Seed|[of] p2a: Ferrothorn","|-heal|p2a: Ferrothorn|299\/328|[silent]","|upkeep","|turn|9","|","|move|p1a: Mandibuzz|Defog|p2a: Ferrothorn","|-unboost|p2a: Ferrothorn|evasion|1","|-sideend6838|Stealth Rock|[from] move: Defog|[of] p1a: Mandibuzz","|move|p2a: Ferrothorn|Stealth Rock|p1a: Mandibuzz","|-sidestart6838|move: Stealth Rock","|","|-heal|p2a: Ferrothorn|319\/328|[from] item: Leftovers","|-damage|p1a: Mandibuzz|319\/423|[from] Leech Seed|[of] p2a: Ferrothorn","|-heal|p2a: Ferrothorn|328\/328|[silent]","|upkeep","|turn|10","|","|switch|p1a: Aegislash|Aegislash, F, shiny|270\/270","|-damage|p1a: Aegislash|254\/270|[from] Stealth Rock","|move|p2a: Ferrothorn|Stealth Rock||[still]","|-fail|p2a: Ferrothorn","|","|upkeep","|turn|11","|","|-formechange|p1a: Aegislash|Aegislash-Blade||[from] ability: Stance Change","|move|p1a: Aegislash|Shadow Ball|p2a: Ferrothorn","|-damage|p2a: Ferrothorn|169\/328","|move|p2a: Ferrothorn|Knock Off|p1a: Aegislash","|-supereffective|p1a: Aegislash","|-damage|p1a: Aegislash|22\/270","|-enditem|p1a: Aegislash|Choice Specs|[from] move: Knock Off|[of] p2a: Ferrothorn","|","|-heal|p2a: Ferrothorn|189\/328|[from] item: Leftovers","|upkeep","|turn|12","|","|move|p1a: Aegislash|Shadow Ball|p2a: Ferrothorn","|-damage|p2a: Ferrothorn|87\/328","|move|p2a: Ferrothorn|Leech Seed|p1a: Aegislash","|-start|p1a: Aegislash|move: Leech Seed","|","|-heal|p2a: Ferrothorn|107\/328|[from] item: Leftovers","|-damage|p1a: Aegislash|0 fnt|[from] Leech Seed|[of] p2a: Ferrothorn","|-heal|p2a: Ferrothorn|129\/328|[silent]","|faint|p1a: Aegislash","|upkeep","|","|switch|p1a: Rotom|Rotom-Heat, shiny|304\/304","|-damage|p1a: Rotom|228\/304|[from] Stealth Rock","|turn|13","|","|switch|p2a: Rotom|Rotom-Heat, shiny|115\/269","|move|p1a: Rotom|Overheat|p2a: Rotom|[miss]","|-miss|p1a: Rotom|p2a: Rotom","|","|upkeep","|turn|14","|","|move|p1a: Rotom|Overheat|p2a: Rotom","|-resisted|p2a: Rotom","|-damage|p2a: Rotom|56\/269","|-unboost|p1a: Rotom|spa|2","|move|p2a: Rotom|Will-O-Wisp|p1a: Rotom","|-immune|p1a: Rotom","|","|upkeep","|turn|15","|","|move|p1a: Rotom|Overheat|p2a: Rotom","|-resisted|p2a: Rotom","|-damage|p2a: Rotom|22\/269","|-unboost|p1a: Rotom|spa|2","|move|p2a: Rotom|Overheat|p1a: Rotom","|-resisted|p1a: Rotom","|-damage|p1a: Rotom|140\/304","|-unboost|p2a: Rotom|spa|2","|","|upkeep","|turn|16","|","|switch|p2a: Corsola|Corsola-Galar, M, shiny|324\/324","|move|p1a: Rotom|Overheat|p2a: Corsola","|-damage|p2a: Corsola|288\/324","|-unboost|p1a: Rotom|spa|2","|","|upkeep","|turn|17","|","|switch|p1a: Seismitoad|Seismitoad, M, shiny|414\/414","|-damage|p1a: Seismitoad|389\/414|[from] Stealth Rock","|move|p2a: Corsola|Hex|p1a: Seismitoad","|-damage|p1a: Seismitoad|316\/414","|","|-heal|p1a: Seismitoad|341\/414|[from] item: Leftovers","|upkeep","|turn|18","|","|switch|p2a: Corviknight|Corviknight, M, shiny|400\/400","|move|p1a: Seismitoad|Toxic|p2a: Corviknight","|-immune|p2a: Corviknight","|","|-heal|p1a: Seismitoad|366\/414|[from] item: Leftovers","|upkeep","|turn|19","|","|move|p2a: Corviknight|Bulk Up|p2a: Corviknight","|-boost|p2a: Corviknight|atk|1","|-boost|p2a: Corviknight|def|1","|move|p1a: Seismitoad|Scald|p2a: Corviknight","|-damage|p2a: Corviknight|324\/400","|","|-heal|p2a: Corviknight|349\/400|[from] item: Leftovers","|-heal|p1a: Seismitoad|391\/414|[from] item: Leftovers","|upkeep","|turn|20","|","|switch|p1a: Rotom|Rotom-Heat, shiny|140\/304","|-damage|p1a: Rotom|64\/304|[from] Stealth Rock","|move|p2a: Corviknight|Brave Bird|p1a: Rotom","|-resisted|p1a: Rotom","|-damage|p1a: Rotom|0 fnt","|-damage|p2a: Corviknight|328\/400|[from] Recoil","|faint|p1a: Rotom","|","|-heal|p2a: Corviknight|353\/400|[from] item: Leftovers","|upkeep","|","|switch|p1a: Grimmsnarl|Grimmsnarl, M|394\/394","|-damage|p1a: Grimmsnarl|345\/394|[from] Stealth Rock","|turn|21","|","|move|p1a: Grimmsnarl|Bulk Up|p1a: Grimmsnarl","|-boost|p1a: Grimmsnarl|atk|1","|-boost|p1a: Grimmsnarl|def|1","|move|p2a: Corviknight|Brave Bird|p1a: Grimmsnarl","|-damage|p1a: Grimmsnarl|150\/394","|-damage|p2a: Corviknight|289\/400|[from] Recoil","|","|-heal|p2a: Corviknight|314\/400|[from] item: Leftovers","|-heal|p1a: Grimmsnarl|174\/394|[from] item: Leftovers","|upkeep","|turn|22","|","|move|p1a: Grimmsnarl|Bulk Up|p1a: Grimmsnarl","|-boost|p1a: Grimmsnarl|atk|1","|-boost|p1a: Grimmsnarl|def|1","|move|p2a: Corviknight|Bulk Up|p2a: Corviknight","|-boost|p2a: Corviknight|atk|1","|-boost|p2a: Corviknight|def|1","|","|-heal|p2a: Corviknight|339\/400|[from] item: Leftovers","|-heal|p1a: Grimmsnarl|198\/394|[from] item: Leftovers","|upkeep","|turn|23","|","|move|p2a: Corviknight|Bulk Up|p2a: Corviknight","|-boost|p2a: Corviknight|atk|1","|-boost|p2a: Corviknight|def|1","|move|p1a: Grimmsnarl|Spirit Break|p2a: Corviknight","|-resisted|p2a: Corviknight","|-damage|p2a: Corviknight|296\/400","|-ability|p2a: Corviknight|Mirror Armor","|-unboost|p1a: Grimmsnarl|spa|1","|","|-heal|p2a: Corviknight|321\/400|[from] item: Leftovers","|-heal|p1a: Grimmsnarl|222\/394|[from] item: Leftovers","|upkeep","|turn|24","|-message|6838 forfeited.","|","|win|20076","|l|\u26066838","|raw|6838's rating: 1418 &rarr; <strong>1395<\/strong><br \/>(-23 for losing)","|raw|20076's rating: 1362 &rarr; <strong>1385<\/strong><br \/>(+23 for winning)",""],"p1":"6838","p1rating":1418,"p1team":[{"ability":"gorillatactics","evs":{"atk":252,"def":0,"hp":4,"spa":0,"spd":0,"spe":252},"happiness":160,"item":"choicescarf","ivs":{"atk":31,"def":31,"hp":31,"spa":31,"spd":31,"spe":31},"level":100,"moves":["iciclecrash","flareblitz","earthquake","uturn"],"name":"Darmanitan","nature":"Jolly","species":"darmanitangalar"},{"ability":"overcoat","evs":{"atk":32,"def":0,"hp":248,"spa":0,"spd":208,"spe":20},"gender":"F","happiness":160,"item":"heavydutyboots","ivs":{"atk":31,"def":31,"hp":31,"spa":31,"spd":31,"spe":31},"level":100,"moves":["uturn","defog","foulplay","roost"],"name":"Mandibuzz","nature":"Careful","shiny":true,"species":"Mandibuzz"},{"ability":"waterabsorb","evs":{"atk":0,"def":252,"hp":252,"spa":0,"spd":4,"spe":0},"happiness":160,"item":"leftovers","ivs":{"atk":31,"def":31,"hp":31,"spa":31,"spd":31,"spe":31},"level":100,"moves":["stealthrock","toxic","scald","earthquake"],"name":"Seismitoad","nature":"Relaxed","shiny":true,"species":"Seismitoad"},{"ability":"levitate","evs":{"atk":0,"def":8,"hp":252,"spa":0,"spd":0,"spe":248},"gender":"N","happiness":160,"item":"heavydutyboots","ivs":{"atk":0,"def":31,"hp":31,"spa":31,"spd":31,"spe":31},"level":100,"moves":["nastyplot","discharge","overheat","voltswitch"],"name":"Rotom","nature":"Timid","shiny":true,"species":"rotomheat"},{"ability":"stancechange","evs":{"atk":0,"def":0,"hp":36,"spa":252,"spd":0,"spe":220},"happiness":160,"item":"choicespecs","ivs":{"atk":31,"def":31,"hp":31,"spa":31,"spd":31,"spe":31},"level":100,"moves":["steelbeam","flashcannon","shadowball","shadowsneak"],"name":"Aegislash","nature":"Modest","shiny":true,"species":"Aegislash"},{"ability":"prankster","evs":{"atk":0,"def":0,"hp":252,"spa":0,"spd":232,"spe":24},"gender":"M","happiness":160,"item":"leftovers","ivs":{"atk":31,"def":31,"hp":31,"spa":31,"spd":31,"spe":31},"level":100,"moves":["bulkup","rest","sleeptalk","spiritbreak"],"name":"Grimmsnarl","nature":"Careful","species":"Grimmsnarl"}],"p2":"20076","p2rating":1362,"p2team":[{"ability":"mirrorarmor","evs":{"atk":68,"def":0,"hp":252,"spa":0,"spd":68,"spe":120},"gender":"M","happiness":160,"item":"leftovers","ivs":{"atk":31,"def":31,"hp":31,"spa":31,"spd":31,"spe":31},"level":100,"moves":["bulkup","bravebird","roost","defog"],"name":"Corviknight","nature":"Careful","shiny":true,"species":"Corviknight"},{"ability":"ironbarbs","evs":{"atk":0,"def":100,"hp":156,"spa":0,"spd":252,"spe":0},"happiness":160,"item":"leftovers","ivs":{"atk":31,"def":31,"hp":31,"spa":31,"spd":31,"spe":0},"level":100,"moves":["gyroball","knockoff","leechseed","stealthrock"],"name":"Ferrothorn","nature":"Sassy","shiny":true,"species":"Ferrothorn"},{"ability":"levitate","evs":{"atk":0,"def":0,"hp":4,"spa":252,"spd":0,"spe":252},"happiness":160,"item":"choicescarf","ivs":{"atk":31,"def":31,"hp":31,"spa":31,"spd":31,"spe":31},"level":100,"moves":["flashcannon","darkpulse","flamethrower","uturn"],"name":"Hydreigon","nature":"Timid","shiny":true,"species":"Hydreigon"},{"ability":"levitate","evs":{"atk":0,"def":0,"hp":112,"spa":80,"spd":200,"spe":116},"gender":"N","happiness":160,"item":"choicescarf","ivs":{"atk":0,"def":31,"hp":31,"spa":31,"spd":31,"spe":31},"level":100,"moves":["trick","willowisp","overheat","voltswitch"],"name":"Rotom","nature":"Timid","shiny":true,"species":"rotomheat"},{"ability":"regenerator","evs":{"atk":0,"def":252,"hp":252,"spa":0,"spd":4,"spe":0},"happiness":160,"item":"blacksludge","ivs":{"atk":0,"def":31,"hp":31,"spa":31,"spd":31,"spe":31},"level":100,"moves":["scald","recover","toxic","haze"],"name":"Toxapex","nature":"Bold","species":"Toxapex"},{"ability":"cursedbody","evs":{"atk":0,"def":252,"hp":252,"spa":0,"spd":0,"spe":0},"gender":"M","happiness":160,"item":"eviolite","ivs":{"atk":0,"def":31,"hp":31,"spa":31,"spd":31,"spe":31},"level":100,"moves":["hex","strengthsap","stealthrock","willowisp"],"name":"Corsola","nature":"Bold","shiny":true,"species":"corsolagalar"}],"roomid":1018772,"score":[3,5],"seed":[56151,14591,23168,34653],"timestamp":"Sat Dec 28 2019 04:XX","turns":24,"winner":"20076","rated_battle":true,"average_rating":1390}