{"endType":"forfeit","format":"gen8ou","inputLog":[">version aa9f8c6b9cf4eca780a1296832ecd3b0009641e0",">version-origin 5e8529faaa5905c5f8e15eafaaefa806ee8c7d06",">start {\"formatid\":\"gen8ou\",\"seed\":[34448,25659,35380,5056],\"rated\":\"Rated battle\"}",">player p1 {\"\"name\":\"15523\",\"rating\":1400}",">player p2 {\"\"name\":\"120849\",\"rating\":1338}",">p1 team 3, 2, 1, 4, 5, 6",">p2 team 3, 2, 1, 4, 5, 6",">p1 move darkpulse",">p2 switch 5",">p1 move dracometeor",">p2 move uturn",">p2 switch 6",">p1 switch 2",">p2 move uturn",">p2 switch 4",">p1 switch 2",">p2 move stealthrock",">p1 move dracometeor",">p2 switch 3",">p1 switch 5",">p2 switch 6",">p1 move mysticalfire",">p2 move uturn",">p2 switch 2",">p1 switch 3",">p2 move steelbeam",">p2 switch 4",">p1 move stoneedge",">p2 move uturn",">p2 switch 5",">p1 switch 2",">p1 move hydropump",">p2 switch 3",">p1 move willowisp",">p2 move gyroball",">p1 move voltswitch",">p2 move leechseed",">p1 switch 5",">p1 move flamethrower",">p2 switch 2",">p2 switch 5",">p1 switch 3",">p2 move uturn",">p2 switch 6",">p1 move gigadrain",">p2 move suckerpunch",">p1 switch 6",">p1 move shellsmash",">p2 move bulkup",">p1 move shellsmash",">p2 move darkestlariat",">p1 move iciclespear",">p2 move suckerpunch",">p1 switch 4",">p1 move closecombat",">p2 move spiritbreak"],"log":["|j|\u260615523","|j|\u2606120849","|player|p1|15523|clay|1400","|player|p2|120849|bellelba|1338","|teamsize|p1|6","|teamsize|p2|6","|gametype|singles","|gen|8","|tier|[Gen 8] OU","|rated|","|rule|Sleep Clause Mod: Limit one foe put to sleep","|rule|Species Clause: Limit one of each Pok\u00e9mon","|rule|OHKO Clause: OHKO moves are banned","|rule|Evasion Moves Clause: Evasion moves are banned","|rule|Endless Battle Clause: Forcing endless battles is banned","|rule|HP Percentage Mod: HP is shown in percentages","|clearpoke","|poke|p1|Tyranitar, F|","|poke|p1|Rotom-Wash|","|poke|p1|Hydreigon, M|","|poke|p1|Sirfetch'd, M|","|poke|p1|Hatterene, F|","|poke|p1|Cloyster, M|","|poke|p2|Grimmsnarl, M|","|poke|p2|Aegislash, M|","|poke|p2|Rotom-Heat|","|poke|p2|Ferrothorn, M|","|poke|p2|Mandibuzz, F|","|poke|p2|Darmanitan-Galar, M|","|rule|Dynamax Clause: You cannot dynamax","|teampreview","|","|start","|switch|p1a: Hydreigon|Hydreigon, M|326\/326","|switch|p2a: Rotom|Rotom-Heat|304\/304","|turn|1","|","|switch|p2a: Mandibuzz|Mandibuzz, F|424\/424","|move|p1a: Hydreigon|Dark Pulse|p2a: Mandibuzz","|-resisted|p2a: Mandibuzz","|-damage|p2a: Mandibuzz|345\/424","|-damage|p1a: Hydreigon|294\/326|[from] item: Life Orb","|","|upkeep","|turn|2","|","|move|p1a: Hydreigon|Draco Meteor|p2a: Mandibuzz","|-damage|p2a: Mandibuzz|110\/424","|-unboost|p1a: Hydreigon|spa|2","|-damage|p1a: Hydreigon|262\/326|[from] item: Life Orb","|move|p2a: Mandibuzz|U-turn|p1a: Hydreigon","|-supereffective|p1a: Hydreigon","|-damage|p1a: Hydreigon|170\/326","|","|switch|p2a: Darmanitan|Darmanitan-Galar, M|351\/351","|","|upkeep","|turn|3","|","|switch|p1a: Rotom|Rotom-Wash|282\/282","|move|p2a: Darmanitan|U-turn|p1a: Rotom","|-damage|p1a: Rotom|172\/282","|","|switch|p2a: Ferrothorn|Ferrothorn, M|352\/352","|","|-heal|p1a: Rotom|189\/282|[from] item: Leftovers","|upkeep","|turn|4","|","|switch|p1a: Hydreigon|Hydreigon, M|170\/326","|move|p2a: Ferrothorn|Stealth Rock|p1a: Hydreigon","|-sidestart15523|move: Stealth Rock","|","|upkeep","|turn|5","|","|switch|p2a: Grimmsnarl|Grimmsnarl, M|394\/394","|move|p1a: Hydreigon|Draco Meteor|p2a: Grimmsnarl","|-immune|p2a: Grimmsnarl","|","|upkeep","|turn|6","|","|switch|p1a: Hatterene|Hatterene, F|318\/318","|-damage|p1a: Hatterene|279\/318|[from] Stealth Rock","|switch|p2a: Mandibuzz|Mandibuzz, F|110\/424","|","|upkeep","|turn|7","|","|move|p2a: Mandibuzz|U-turn|p1a: Hatterene","|-damage|p1a: Hatterene|239\/318","|","|switch|p2a: Aegislash|Aegislash, M|279\/279","|move|p1a: Hatterene|Mystical Fire|p2a: Aegislash","|-supereffective|p2a: Aegislash","|-damage|p2a: Aegislash|121\/279","|-unboost|p2a: Aegislash|spa|1","|","|upkeep","|turn|8","|","|switch|p1a: Tyranitar|Tyranitar, F|387\/387","|-damage|p1a: Tyranitar|339\/387|[from] Stealth Rock","|-weather|Sandstorm|[from] ability: Sand Stream|[of] p1a: Tyranitar","|-formechange|p2a: Aegislash|Aegislash-Blade||[from] ability: Stance Change","|move|p2a: Aegislash|Steel Beam|p1a: Tyranitar","|-supereffective|p1a: Tyranitar","|-damage|p1a: Tyranitar|163\/387","|-damage|p2a: Aegislash|0 fnt|[from] mindblown","|faint|p2a: Aegislash","|","|-weather|Sandstorm|[upkeep]","|upkeep","|","|switch|p2a: Darmanitan|Darmanitan-Galar, M|351\/351","|turn|9","|","|move|p2a: Darmanitan|U-turn|p1a: Tyranitar","|-supereffective|p1a: Tyranitar","|-damage|p1a: Tyranitar|0 fnt","|faint|p1a: Tyranitar","|","|switch|p2a: Rotom|Rotom-Heat|304\/304","|","|-weather|Sandstorm|[upkeep]","|-damage|p2a: Rotom|285\/304|[from] Sandstorm","|upkeep","|","|switch|p1a: Rotom|Rotom-Wash|189\/282","|-damage|p1a: Rotom|154\/282|[from] Stealth Rock","|turn|10","|","|switch|p2a: Ferrothorn|Ferrothorn, M|352\/352","|move|p1a: Rotom|Hydro Pump|p2a: Ferrothorn|[miss]","|-miss|p1a: Rotom|p2a: Ferrothorn","|","|-weather|Sandstorm|[upkeep]","|-damage|p1a: Rotom|137\/282|[from] Sandstorm","|-heal|p1a: Rotom|154\/282|[from] item: Leftovers","|upkeep","|turn|11","|","|move|p1a: Rotom|Will-O-Wisp|p2a: Ferrothorn","|-status|p2a: Ferrothorn|brn","|move|p2a: Ferrothorn|Gyro Ball|p1a: Rotom","|-resisted|p1a: Rotom","|-damage|p1a: Rotom|142\/282","|","|-weather|Sandstorm|[upkeep]","|-damage|p1a: Rotom|125\/282|[from] Sandstorm","|-heal|p1a: Rotom|142\/282|[from] item: Leftovers","|-damage|p2a: Ferrothorn|330\/352 brn|[from] brn","|upkeep","|turn|12","|","|move|p1a: Rotom|Volt Switch|p2a: Ferrothorn","|-resisted|p2a: Ferrothorn","|-damage|p2a: Ferrothorn|282\/352 brn","|","|switch|p1a: Hydreigon|Hydreigon, M|170\/326","|-damage|p1a: Hydreigon|130\/326|[from] Stealth Rock","|move|p2a: Ferrothorn|Leech Seed|p1a: Hydreigon|[miss]","|-miss|p2a: Ferrothorn|p1a: Hydreigon","|","|-weather|none","|-heal|p2a: Ferrothorn|304\/352 brn|[from] item: Leftovers","|-damage|p2a: Ferrothorn|282\/352 brn|[from] brn","|upkeep","|turn|13","|","|switch|p2a: Mandibuzz|Mandibuzz, F|110\/424","|move|p1a: Hydreigon|Flamethrower|p2a: Mandibuzz","|-damage|p2a: Mandibuzz|0 fnt","|-damage|p1a: Hydreigon|98\/326|[from] item: Life Orb","|faint|p2a: Mandibuzz","|","|upkeep","|","|switch|p2a: Darmanitan|Darmanitan-Galar, M|351\/351","|turn|14","|","|switch|p1a: Hatterene|Hatterene, F|239\/318","|-damage|p1a: Hatterene|200\/318|[from] Stealth Rock","|move|p2a: Darmanitan|U-turn|p1a: Hatterene","|-damage|p1a: Hatterene|63\/318","|","|switch|p2a: Grimmsnarl|Grimmsnarl, M|394\/394","|","|upkeep","|turn|15","|","|move|p2a: Grimmsnarl|Sucker Punch|p1a: Hatterene","|-damage|p1a: Hatterene|0 fnt","|faint|p1a: Hatterene","|","|upkeep","|","|switch|p1a: Cloyster|Cloyster, M|242\/242","|-damage|p1a: Cloyster|182\/242|[from] Stealth Rock","|turn|16","|","|move|p2a: Grimmsnarl|Bulk Up|p2a: Grimmsnarl","|-boost|p2a: Grimmsnarl|atk|1","|-boost|p2a: Grimmsnarl|def|1","|move|p1a: Cloyster|Shell Smash|p1a: Cloyster","|-unboost|p1a: Cloyster|def|1","|-unboost|p1a: Cloyster|spd|1","|-boost|p1a: Cloyster|atk|2","|-boost|p1a: Cloyster|spa|2","|-boost|p1a: Cloyster|spe|2","|-enditem|p1a: Cloyster|White Herb","|-clearnegativeboost|p1a: Cloyster|[silent]","|","|upkeep","|turn|17","|","|move|p1a: Cloyster|Shell Smash|p1a: Cloyster","|-unboost|p1a: Cloyster|def|1","|-unboost|p1a: Cloyster|spd|1","|-boost|p1a: Cloyster|atk|2","|-boost|p1a: Cloyster|spa|2","|-boost|p1a: Cloyster|spe|2","|move|p2a: Grimmsnarl|Darkest Lariat|p1a: Cloyster","|-damage|p1a: Cloyster|73\/242","|","|upkeep","|turn|18","|","|move|p2a: Grimmsnarl|Sucker Punch|p1a: Cloyster","|-damage|p1a: Cloyster|0 fnt","|faint|p1a: Cloyster","|","|upkeep","|","|switch|p1a: Sirfetch'd|Sirfetch'd, M|328\/328","|-damage|p1a: Sirfetch'd|308\/328|[from] Stealth Rock","|turn|19","|","|move|p1a: Sirfetch'd|Close Combat|p2a: Grimmsnarl","|-damage|p2a: Grimmsnarl|157\/394","|-unboost|p1a: Sirfetch'd|def|1","|-unboost|p1a: Sirfetch'd|spd|1","|move|p2a: Grimmsnarl|Spirit Break|p1a: Sirfetch'd","|-supereffective|p1a: Sirfetch'd","|-damage|p1a: Sirfetch'd|0 fnt","|faint|p1a: Sirfetch'd","|","|-heal|p2a: Grimmsnarl|181\/394|[from] item: Leftovers","|upkeep","|-message|15523 forfeited.","|","|win|120849","|l|\u260615523","|raw|15523's rating: 1400 &rarr; <strong>1377<\/strong><br \/>(-23 for losing)","|raw|120849's rating: 1338 &rarr; <strong>1362<\/strong><br \/>(+24 for winning)",""],"p1":"15523","p1rating":1400,"p1team":[{"ability":"sandstream","evs":{"atk":139,"def":0,"hp":184,"spa":0,"spd":184,"spe":1},"happiness":160,"item":"assaultvest","ivs":{"atk":31,"def":31,"hp":31,"spa":31,"spd":31,"spe":31},"level":100,"moves":["earthquake","stoneedge","crunch","firepunch"],"name":"Tyranitar","nature":"Careful","species":"Tyranitar"},{"ability":"levitate","evs":{"atk":0,"def":167,"hp":164,"spa":176,"spd":0,"spe":1},"gender":"N","happiness":160,"item":"leftovers","ivs":{"atk":0,"def":31,"hp":31,"spa":31,"spd":31,"spe":31},"level":100,"moves":["discharge","hydropump","willowisp","voltswitch"],"name":"Rotom","nature":"Modest","species":"rotomwash"},{"ability":"levitate","evs":{"atk":0,"def":0,"hp":4,"spa":252,"spd":0,"spe":252},"happiness":160,"item":"lifeorb","ivs":{"atk":0,"def":31,"hp":31,"spa":31,"spd":31,"spe":31},"level":100,"moves":["darkpulse","dracometeor","earthpower","flamethrower"],"name":"Hydreigon","nature":"Timid","species":"Hydreigon"},{"ability":"scrappy","evs":{"atk":252,"def":4,"hp":252,"spa":0,"spd":0,"spe":0},"happiness":160,"item":"leek","ivs":{"atk":31,"def":31,"hp":31,"spa":31,"spd":31,"spe":31},"level":100,"moves":["firstimpression","bravebird","closecombat","leafblade"],"name":"Sirfetch'd","nature":"Adamant","species":"Sirfetch'd"},{"ability":"magicbounce","evs":{"atk":0,"def":0,"hp":252,"spa":252,"spd":4,"spe":0},"gender":"F","happiness":160,"item":"brightpowder","ivs":{"atk":0,"def":31,"hp":31,"spa":31,"spd":31,"spe":31},"level":100,"moves":["gigadrain","psychic","mysticalfire","shadowball"],"name":"Hatterene","nature":"Modest","species":"Hatterene"},{"ability":"skilllink","evs":{"atk":252,"def":0,"hp":4,"spa":0,"spd":0,"spe":252},"happiness":160,"item":"whiteherb","ivs":{"atk":31,"def":31,"hp":31,"spa":31,"spd":31,"spe":31},"level":100,"moves":["iciclespear","rockblast","shellsmash","liquidation"],"name":"Cloyster","nature":"Adamant","species":"Cloyster"}],"p2":"120849","p2rating":1338,"p2team":[{"ability":"prankster","evs":{"atk":32,"def":0,"hp":252,"spa":0,"spd":224,"spe":0},"gender":"M","happiness":160,"item":"leftovers","ivs":{"atk":31,"def":31,"hp":31,"spa":31,"spd":31,"spe":31},"level":100,"moves":["bulkup","darkestlariat","spiritbreak","suckerpunch"],"name":"Grimmsnarl","nature":"Adamant","species":"Grimmsnarl"},{"ability":"stancechange","evs":{"atk":0,"def":0,"hp":72,"spa":216,"spd":0,"spe":220},"gender":"M","happiness":160,"item":"choicespecs","ivs":{"atk":31,"def":31,"hp":31,"spa":31,"spd":31,"spe":31},"level":100,"moves":["shadowball","flashcannon","steelbeam","shadowsneak"],"name":"Aegislash","nature":"Modest","species":"Aegislash"},{"ability":"levitate","evs":{"atk":0,"def":88,"hp":252,"spa":0,"spd":0,"spe":168},"gender":"N","happiness":160,"item":"heavydutyboots","ivs":{"atk":0,"def":31,"hp":31,"spa":31,"spd":31,"spe":31},"level":100,"moves":["nastyplot","voltswitch","overheat","willowisp"],"name":"Rotom","nature":"Timid","species":"rotomheat"},{"ability":"ironbarbs","evs":{"atk":0,"def":168,"hp":252,"spa":0,"spd":88,"spe":0},"gender":"M","happiness":160,"item":"leftovers","ivs":{"atk":31,"def":31,"hp":31,"spa":31,"spd":31,"spe":0},"level":100,"moves":["stealthrock","leechseed","protect","gyroball"],"name":"Ferrothorn","nature":"Impish","species":"Ferrothorn"},{"ability":"overcoat","evs":{"atk":0,"def":108,"hp":252,"spa":0,"spd":148,"spe":0},"gender":"F","happiness":160,"item":"heavydutyboots","ivs":{"atk":31,"def":31,"hp":31,"spa":31,"spd":31,"spe":31},"level":100,"moves":["defog","knockoff","uturn","roost"],"name":"Mandibuzz","nature":"Careful","species":"Mandibuzz"},{"ability":"gorillatactics","evs":{"atk":252,"def":0,"hp":0,"spa":0,"spd":4,"spe":252},"gender":"M","happiness":160,"item":"choicescarf","ivs":{"atk":31,"def":31,"hp":31,"spa":31,"spd":31,"spe":31},"level":100,"moves":["iciclecrash","flareblitz","earthquake","uturn"],"name":"Darmanitan","nature":"Jolly","species":"darmanitangalar"}],"roomid":1018012,"score":[2,4],"seed":[34448,25659,35380,5056],"timestamp":"Sat Dec 28 2019 08:XX","turns":19,"winner":"120849","rated_battle":true,"average_rating":1369}