{"endType":"forfeit","format":"gen8ou","inputLog":[">version aa9f8c6b9cf4eca780a1296832ecd3b0009641e0",">version-origin 5e8529faaa5905c5f8e15eafaaefa806ee8c7d06",">start {\"formatid\":\"gen8ou\",\"seed\":[34130,3011,9115,46029],\"rated\":\"Rated battle\"}",">player p1 {\"\"name\":\"30879\",\"rating\":1510}",">player p2 {\"\"name\":\"7676\",\"rating\":1572}",">p1 team 1, 2, 3, 4, 5, 6",">p2 team 1, 2, 3, 4, 5, 6",">p1 move overdrive",">p2 switch 6"],"log":["|j|\u260630879","|j|\u26067676","|player|p1|30879|92|1510","|player|p2|7676|260|1572","|teamsize|p1|6","|teamsize|p2|6","|gametype|singles","|gen|8","|tier|[Gen 8] OU","|rated|","|rule|Sleep Clause Mod: Limit one foe put to sleep","|rule|Species Clause: Limit one of each Pok\u00e9mon","|rule|OHKO Clause: OHKO moves are banned","|rule|Evasion Moves Clause: Evasion moves are banned","|rule|Endless Battle Clause: Forcing endless battles is banned","|rule|HP Percentage Mod: HP is shown in percentages","|clearpoke","|poke|p1|Toxtricity, M|","|poke|p1|Hatterene, F|","|poke|p1|Mimikyu, M|","|poke|p1|Toxapex, M|","|poke|p1|Corviknight, F|","|poke|p1|Seismitoad, F|","|poke|p2|Mimikyu, M|","|poke|p2|Hatterene, F|","|poke|p2|Conkeldurr, F|","|poke|p2|Dracovish|","|poke|p2|Corviknight, M|","|poke|p2|Aegislash, F|","|rule|Dynamax Clause: You cannot dynamax","|teampreview","|j| Sork","|l| Sork","|","|start","|switch|p1a: Toxtricity|Toxtricity, M|293\/293","|switch|p2a: Mimikyu|Mimikyu, M|314\/314","|turn|1","|","|switch|p2a: Aegislash|Aegislash, F|324\/324","|move|p1a: Toxtricity|Overdrive|p2a: Aegislash","|-damage|p2a: Aegislash|129\/324","|","|upkeep","|turn|2","|-message|7676 forfeited.","|","|win|30879","|l|\u26067676","|l|\u260630879","|raw|30879's rating: 1530 &rarr; <strong>1552<\/strong><br \/>(+22 for winning)","|raw|7676's rating: 1572 &rarr; <strong>1549<\/strong><br \/>(-23 for losing)",""],"p1":"30879","p1rating":1510,"p1team":[{"ability":"punkrock","evs":{"atk":0,"def":0,"hp":8,"spa":248,"spd":0,"spe":252},"happiness":160,"item":"choicespecs","ivs":{"atk":0,"def":31,"hp":31,"spa":31,"spd":31,"spe":31},"level":100,"moves":["boomburst","overdrive","voltswitch","sludgewave"],"name":"Toxtricity","nature":"Timid","species":"Toxtricity"},{"ability":"magicbounce","evs":{"atk":0,"def":56,"hp":200,"spa":252,"spd":0,"spe":0},"gender":"F","happiness":160,"item":"leftovers","ivs":{"atk":0,"def":31,"hp":31,"spa":31,"spd":31,"spe":31},"level":100,"moves":["mysticalfire","psyshock","dazzlinggleam","gigadrain"],"name":"Hatterene","nature":"Modest","species":"Hatterene"},{"ability":"disguise","evs":{"atk":252,"def":4,"hp":0,"spa":0,"spd":0,"spe":252},"happiness":160,"item":"lifeorb","ivs":{"atk":31,"def":31,"hp":31,"spa":31,"spd":31,"spe":31},"level":100,"moves":["swordsdance","shadowsneak","playrough","drainpunch"],"name":"Mimikyu","nature":"Jolly","species":"Mimikyu"},{"ability":"regenerator","evs":{"atk":0,"def":252,"hp":252,"spa":0,"spd":4,"spe":0},"happiness":160,"item":"blacksludge","ivs":{"atk":0,"def":31,"hp":31,"spa":31,"spd":31,"spe":31},"level":100,"moves":["scald","toxicspikes","haze","banefulbunker"],"name":"Toxapex","nature":"Bold","species":"Toxapex"},{"ability":"mirrorarmor","evs":{"atk":252,"def":0,"hp":176,"spa":0,"spd":72,"spe":8},"happiness":160,"item":"leftovers","ivs":{"atk":31,"def":31,"hp":31,"spa":31,"spd":31,"spe":31},"level":100,"moves":["bulkup","ironhead","bravebird","roost"],"name":"Corviknight","nature":"","species":"Corviknight"},{"ability":"waterabsorb","evs":{"atk":0,"def":12,"hp":216,"spa":252,"spd":16,"spe":12},"happiness":160,"item":"leftovers","ivs":{"atk":0,"def":31,"hp":31,"spa":31,"spd":31,"spe":31},"level":100,"moves":["toxic","scald","stealthrock","earthpower"],"name":"Seismitoad","nature":"Modest","species":"Seismitoad"}],"p2":"7676","p2rating":1572,"p2team":[{"ability":"disguise","evs":{"atk":4,"def":0,"hp":252,"spa":0,"spd":252,"spe":0},"happiness":160,"item":"leftovers","ivs":{"atk":31,"def":31,"hp":31,"spa":31,"spd":31,"spe":31},"level":100,"moves":["trickroom","playrough","shadowclaw","willowisp"],"name":"Mimikyu","nature":"Sassy","species":"Mimikyu"},{"ability":"magicbounce","evs":{"atk":0,"def":0,"hp":252,"spa":252,"spd":4,"spe":0},"gender":"F","happiness":160,"item":"leftovers","ivs":{"atk":0,"def":31,"hp":31,"spa":31,"spd":31,"spe":31},"level":100,"moves":["trickroom","mysticalfire","psychic","dazzlinggleam"],"name":"Hatterene","nature":"Quiet","species":"Hatterene"},{"ability":"guts","evs":{"atk":252,"def":0,"hp":252,"spa":0,"spd":4,"spe":0},"happiness":160,"item":"flameorb","ivs":{"atk":31,"def":31,"hp":31,"spa":31,"spd":31,"spe":0},"level":100,"moves":["earthquake","facade","drainpunch","machpunch"],"name":"Conkeldurr","nature":"Brave","species":"Conkeldurr"},{"ability":"strongjaw","evs":{"atk":252,"def":0,"hp":248,"spa":0,"spd":8,"spe":0},"gender":"N","happiness":160,"item":"choiceband","ivs":{"atk":31,"def":31,"hp":31,"spa":31,"spd":31,"spe":0},"level":100,"moves":["fishiousrend","crunch","leechlife","psychicfangs"],"name":"Dracovish","nature":"Brave","species":"Dracovish"},{"ability":"mirrorarmor","evs":{"atk":4,"def":252,"hp":252,"spa":0,"spd":0,"spe":0},"happiness":160,"item":"leftovers","ivs":{"atk":31,"def":31,"hp":31,"spa":31,"spd":31,"spe":0},"level":100,"moves":["defog","roost","uturn","bravebird"],"name":"Corviknight","nature":"Impish","species":"Corviknight"},{"ability":"stancechange","evs":{"atk":4,"def":0,"hp":252,"spa":252,"spd":0,"spe":0},"happiness":160,"item":"choicespecs","ivs":{"atk":31,"def":31,"hp":31,"spa":31,"spd":31,"spe":31},"level":100,"moves":["shadowball","kingsshield","shadowsneak","flashcannon"],"name":"Aegislash","nature":"Quiet","species":"Aegislash"}],"roomid":101076,"score":[6,6],"seed":[34130,3011,9115,46029],"timestamp":"Mon Dec 30 2019 23:XX","turns":2,"winner":"30879","rated_battle":true,"average_rating":1541}