{"endType":"forfeit","format":"gen8ou","inputLog":[">version aa9f8c6b9cf4eca780a1296832ecd3b0009641e0",">version-origin 5e8529faaa5905c5f8e15eafaaefa806ee8c7d06",">start {\"formatid\":\"gen8ou\",\"seed\":[46963,9155,6779,12749],\"rated\":\"Rated battle\"}",">player p1 {\"\"name\":\"31915\",\"rating\":1461}",">player p2 {\"\"name\":\"12755\",\"rating\":1482}",">p1 team 5, 2, 3, 4, 1, 6",">p2 team 3, 2, 1, 4, 5, 6",">p1 switch 5",">p2 move pyroball",">p1 switch 6",">p2 switch 2",">p1 move earthquake",">p2 switch 3",">p1 move drainpunch",">p2 move shadowball",">p1 switch 4",">p2 move shadowball",">p1 move wish",">p2 switch 2",">p1 switch 3",">p2 move pyroball",">p1 move uturn",">p2 move highjumpkick",">p1 switch 6",">p1 switch 4",">p2 switch 4",">p1 move drainpunch",">p2 switch 6",">p1 switch 5",">p1 move boomburst",">p2 move willowisp",">p1 switch 3",">p2 move encore",">p1 move thunderwave",">p2 switch 4",">p1 move wish",">p2 switch 2",">p1 move moonblast",">p2 switch 5",">p1 move wish",">p2 move bravebird",">p1 switch 3",">p2 switch 2",">p1 move boomburst",">p2 move pyroball",">p2 switch 5",">p1 switch 4",">p2 move shadowball",">p1 switch 3",">p2 move shadowball",">p1 move wish",">p2 switch 6",">p1 move protect",">p2 move stealthrock",">p1 move wish",">p2 move earthquake",">p1 move moonblast",">p2 switch 2",">p1 move wish",">p2 move uturn",">p2 switch 2",">p1 switch 6",">p2 move earthquake",">p1 move darkpulse",">p2 move scald",">p1 move darkpulse",">p2 switch 3",">p1 switch 2",">p2 move facade",">p1 move roost",">p2 move knockoff",">p1 move roost",">p2 move switcheroo",">p1 move defog",">p2 move obstruct",">p1 move defog",">p2 switch 3",">p1 move uturn",">p2 move stealthrock",">p1 switch 4",">p1 move voltswitch",">p2 switch 6",">p1 switch 2",">p2 switch 4",">p1 move dracometeor",">p2 move trick",">p1 move dracometeor",">p2 switch 6",">p1 switch 6",">p2 move earthquake",">p1 move wish",">p2 switch 6",">p1 switch 6",">p2 move trick",">p1 move darkpulse",">p2 switch 6",">p1 move darkpulse",">p2 move scald",">p2 switch 3",">p1 switch 3",">p2 move facade",">p1 move banefulbunker",">p2 move facade",">p1 switch 4",">p2 move facade",">p1 move roost",">p2 move facade",">p1 switch 3",">p1 move uturn",">p2 switch 2",">p1 switch 2",">p1 move overdrive",">p2 move uturn",">p2 switch 6"],"log":["|j|\u260631915","|j|\u260612755","|player|p1|31915|273|1461","|player|p2|12755|102|1482","|teamsize|p1|6","|teamsize|p2|6","|gametype|singles","|gen|8","|tier|[Gen 8] OU","|rated|","|rule|Sleep Clause Mod: Limit one foe put to sleep","|rule|Species Clause: Limit one of each Pok\u00e9mon","|rule|OHKO Clause: OHKO moves are banned","|rule|Evasion Moves Clause: Evasion moves are banned","|rule|Endless Battle Clause: Forcing endless battles is banned","|rule|HP Percentage Mod: HP is shown in percentages","|clearpoke","|poke|p1|Toxapex, M|","|poke|p1|Corviknight, F|","|poke|p1|Hydreigon, M|","|poke|p1|Clefable, M|","|poke|p1|Toxtricity, M|","|poke|p1|Conkeldurr, M|","|poke|p2|Dragapult, F|","|poke|p2|Obstagoon, F|","|poke|p2|Cinderace, F|","|poke|p2|Seismitoad, F|","|poke|p2|Corviknight, F|","|poke|p2|Sableye, F|","|rule|Dynamax Clause: You cannot dynamax","|teampreview","|","|start","|switch|p1a: Toxtricity|Toxtricity, M|291\/291","|switch|p2a: Cinderace|Cinderace, F|301\/301","|turn|1","|","|switch|p1a: Toxapex|Toxapex, M|304\/304","|move|p2a: Cinderace|Pyro Ball|p1a: Toxapex","|-resisted|p1a: Toxapex","|-damage|p1a: Toxapex|250\/304","|","|-heal|p1a: Toxapex|269\/304|[from] item: Black Sludge","|upkeep","|turn|2","|","|switch|p2a: Obstagoon|Obstagoon, F|327\/327","|switch|p1a: Conkeldurr|Conkeldurr, M|352\/352","|","|-status|p2a: Obstagoon|brn|[from] item: Flame Orb","|-status|p1a: Conkeldurr|brn|[from] item: Flame Orb","|upkeep","|turn|3","|","|switch|p2a: Dragapult|Dragapult, F|317\/317","|move|p1a: Conkeldurr|Earthquake|p2a: Dragapult","|-damage|p2a: Dragapult|37\/317","|","|-damage|p1a: Conkeldurr|330\/352 brn|[from] brn","|upkeep","|turn|4","|","|move|p2a: Dragapult|Shadow Ball|p1a: Conkeldurr","|-damage|p1a: Conkeldurr|62\/352 brn","|move|p1a: Conkeldurr|Drain Punch|p2a: Dragapult","|-immune|p2a: Dragapult","|","|-damage|p1a: Conkeldurr|40\/352 brn|[from] brn","|upkeep","|turn|5","|","|switch|p1a: Clefable|Clefable, M|394\/394","|move|p2a: Dragapult|Shadow Ball|p1a: Clefable","|-damage|p1a: Clefable|259\/394","|","|-heal|p1a: Clefable|283\/394|[from] item: Leftovers","|upkeep","|turn|6","|","|switch|p2a: Cinderace|Cinderace, F|301\/301","|move|p1a: Clefable|Wish|p1a: Clefable","|","|-heal|p1a: Clefable|307\/394|[from] item: Leftovers","|upkeep","|turn|7","|","|switch|p1a: Hydreigon|Hydreigon, M|326\/326","|move|p2a: Cinderace|Pyro Ball|p1a: Hydreigon","|-resisted|p1a: Hydreigon","|-damage|p1a: Hydreigon|221\/326","|-status|p1a: Hydreigon|brn","|","|-heal|p1a: Hydreigon|326\/326 brn|[from] move: Wish|[wisher] Clefable","|-damage|p1a: Hydreigon|306\/326 brn|[from] brn","|upkeep","|turn|8","|","|move|p1a: Hydreigon|U-turn|p2a: Cinderace","|-resisted|p2a: Cinderace","|-damage|p2a: Cinderace|285\/301","|","|switch|p1a: Toxapex|Toxapex, M|304\/304","|move|p2a: Cinderace|High Jump Kick|p1a: Toxapex","|-resisted|p1a: Toxapex","|-damage|p1a: Toxapex|268\/304","|","|-heal|p1a: Toxapex|287\/304|[from] item: Black Sludge","|upkeep","|turn|9","|","|switch|p2a: Seismitoad|Seismitoad, F|414\/414","|switch|p1a: Conkeldurr|Conkeldurr, M|40\/352 brn","|","|-damage|p1a: Conkeldurr|18\/352 brn|[from] brn","|upkeep","|turn|10","|","|switch|p2a: Sableye|Sableye, F|303\/303","|move|p1a: Conkeldurr|Drain Punch|p2a: Sableye","|-immune|p2a: Sableye","|","|-damage|p1a: Conkeldurr|0 fnt|[from] brn","|faint|p1a: Conkeldurr","|upkeep","|","|switch|p1a: Toxtricity|Toxtricity, M|291\/291","|turn|11","|","|move|p2a: Sableye|Will-O-Wisp|p1a: Toxtricity","|-status|p1a: Toxtricity|brn","|move|p1a: Toxtricity|Boomburst|p2a: Sableye","|-immune|p2a: Sableye","|","|-damage|p1a: Toxtricity|273\/291 brn|[from] brn","|upkeep","|turn|12","|","|switch|p1a: Clefable|Clefable, M|307\/394","|move|p2a: Sableye|Encore||[still]","|-fail|p2a: Sableye","|","|-heal|p1a: Clefable|331\/394|[from] item: Leftovers","|upkeep","|turn|13","|","|switch|p2a: Cinderace|Cinderace, F|285\/301","|move|p1a: Clefable|Thunder Wave|p2a: Cinderace","|-status|p2a: Cinderace|par","|","|-heal|p1a: Clefable|355\/394|[from] item: Leftovers","|upkeep","|turn|14","|","|switch|p2a: Dragapult|Dragapult, F|37\/317","|move|p1a: Clefable|Wish|p1a: Clefable","|","|-heal|p1a: Clefable|379\/394|[from] item: Leftovers","|upkeep","|turn|15","|","|switch|p2a: Corviknight|Corviknight, F|400\/400","|move|p1a: Clefable|Moonblast|p2a: Corviknight","|-resisted|p2a: Corviknight","|-damage|p2a: Corviknight|334\/400","|","|-heal|p1a: Clefable|394\/394|[from] move: Wish|[wisher] Clefable","|-heal|p2a: Corviknight|359\/400|[from] item: Leftovers","|upkeep","|turn|16","|","|move|p2a: Corviknight|Brave Bird|p1a: Clefable","|-damage|p1a: Clefable|229\/394","|-damage|p2a: Corviknight|305\/400|[from] Recoil","|move|p1a: Clefable|Wish|p1a: Clefable","|","|-heal|p2a: Corviknight|330\/400|[from] item: Leftovers","|-heal|p1a: Clefable|253\/394|[from] item: Leftovers","|upkeep","|turn|17","|","|switch|p2a: Cinderace|Cinderace, F|285\/301 par","|switch|p1a: Toxtricity|Toxtricity, M|273\/291 brn","|","|-heal|p1a: Toxtricity|291\/291 brn|[from] move: Wish|[wisher] Clefable","|-damage|p1a: Toxtricity|273\/291 brn|[from] brn","|upkeep","|turn|18","|","|move|p1a: Toxtricity|Boomburst|p2a: Cinderace","|-damage|p2a: Cinderace|0 fnt","|faint|p2a: Cinderace","|","|-damage|p1a: Toxtricity|255\/291 brn|[from] brn","|upkeep","|","|switch|p2a: Dragapult|Dragapult, F|37\/317","|turn|19","|","|switch|p1a: Toxapex|Toxapex, M|304\/304","|move|p2a: Dragapult|Shadow Ball|p1a: Toxapex","|-damage|p1a: Toxapex|175\/304","|-unboost|p1a: Toxapex|spd|1","|","|-heal|p1a: Toxapex|194\/304|[from] item: Black Sludge","|upkeep","|turn|20","|","|switch|p1a: Clefable|Clefable, M|253\/394","|move|p2a: Dragapult|Shadow Ball|p1a: Clefable","|-damage|p1a: Clefable|117\/394","|","|-heal|p1a: Clefable|141\/394|[from] item: Leftovers","|upkeep","|turn|21","|","|switch|p2a: Seismitoad|Seismitoad, F|414\/414","|move|p1a: Clefable|Wish|p1a: Clefable","|","|-heal|p1a: Clefable|165\/394|[from] item: Leftovers","|upkeep","|turn|22","|","|move|p1a: Clefable|Protect|p1a: Clefable","|-singleturn|p1a: Clefable|Protect","|move|p2a: Seismitoad|Stealth Rock|p1a: Clefable","|-sidestart31915|move: Stealth Rock","|","|-heal|p1a: Clefable|362\/394|[from] move: Wish|[wisher] Clefable","|-heal|p1a: Clefable|386\/394|[from] item: Leftovers","|upkeep","|turn|23","|","|move|p2a: Seismitoad|Earthquake|p1a: Clefable","|-damage|p1a: Clefable|242\/394","|move|p1a: Clefable|Wish|p1a: Clefable","|","|-heal|p1a: Clefable|266\/394|[from] item: Leftovers","|upkeep","|turn|24","|","|switch|p2a: Corviknight|Corviknight, F|330\/400","|move|p1a: Clefable|Moonblast|p2a: Corviknight","|-resisted|p2a: Corviknight","|-damage|p2a: Corviknight|266\/400","|","|-heal|p1a: Clefable|394\/394|[from] move: Wish|[wisher] Clefable","|-heal|p2a: Corviknight|291\/400|[from] item: Leftovers","|upkeep","|turn|25","|","|move|p2a: Corviknight|U-turn|p1a: Clefable","|-resisted|p1a: Clefable","|-damage|p1a: Clefable|365\/394","|","|switch|p2a: Seismitoad|Seismitoad, F|414\/414","|move|p1a: Clefable|Wish|p1a: Clefable","|","|-heal|p1a: Clefable|389\/394|[from] item: Leftovers","|upkeep","|turn|26","|","|switch|p1a: Hydreigon|Hydreigon, M|306\/326 brn","|-damage|p1a: Hydreigon|266\/326 brn|[from] Stealth Rock","|move|p2a: Seismitoad|Earthquake|p1a: Hydreigon","|-immune|p1a: Hydreigon|[from] ability: Levitate","|","|-heal|p1a: Hydreigon|326\/326 brn|[from] move: Wish|[wisher] Clefable","|-damage|p1a: Hydreigon|306\/326 brn|[from] brn","|upkeep","|turn|27","|","|move|p1a: Hydreigon|Dark Pulse|p2a: Seismitoad","|-damage|p2a: Seismitoad|285\/414","|move|p2a: Seismitoad|Scald|p1a: Hydreigon","|-resisted|p1a: Hydreigon","|-damage|p1a: Hydreigon|266\/326 brn","|","|-heal|p2a: Seismitoad|310\/414|[from] item: Leftovers","|-damage|p1a: Hydreigon|246\/326 brn|[from] brn","|upkeep","|turn|28","|","|switch|p2a: Obstagoon|Obstagoon, F|327\/327 brn","|move|p1a: Hydreigon|Dark Pulse|p2a: Obstagoon","|-resisted|p2a: Obstagoon","|-damage|p2a: Obstagoon|238\/327 brn","|","|-damage|p1a: Hydreigon|226\/326 brn|[from] brn","|-damage|p2a: Obstagoon|218\/327 brn|[from] brn","|upkeep","|turn|29","|","|switch|p1a: Corviknight|Corviknight, F|400\/400","|-damage|p1a: Corviknight|350\/400|[from] Stealth Rock","|-ability|p1a: Corviknight|Pressure","|move|p2a: Obstagoon|Facade|p1a: Corviknight","|-resisted|p1a: Corviknight","|-damage|p1a: Corviknight|208\/400","|","|-heal|p1a: Corviknight|233\/400|[from] item: Leftovers","|-damage|p2a: Obstagoon|198\/327 brn|[from] brn","|upkeep","|turn|30","|","|move|p2a: Obstagoon|Knock Off|p1a: Corviknight","|-damage|p1a: Corviknight|53\/400","|-enditem|p1a: Corviknight|Leftovers|[from] move: Knock Off|[of] p2a: Obstagoon","|move|p1a: Corviknight|Roost|p1a: Corviknight","|-heal|p1a: Corviknight|253\/400","|-singleturn|p1a: Corviknight|move: Roost","|","|-damage|p2a: Obstagoon|178\/327 brn|[from] brn","|upkeep","|turn|31","|","|move|p2a: Obstagoon|Switcheroo|p1a: Corviknight","|-activate|p2a: Obstagoon|move: Trick|[of] p1a: Corviknight","|-item|p1a: Corviknight|Flame Orb|[from] move: Switcheroo","|-enditem|p2a: Obstagoon|Flame Orb|[silent]|[from] move: Switcheroo","|move|p1a: Corviknight|Roost|p1a: Corviknight","|-heal|p1a: Corviknight|400\/400","|-singleturn|p1a: Corviknight|move: Roost","|","|-damage|p2a: Obstagoon|158\/327 brn|[from] brn","|-status|p1a: Corviknight|brn|[from] item: Flame Orb","|upkeep","|turn|32","|","|move|p2a: Obstagoon|Obstruct|p2a: Obstagoon","|-singleturn|p2a: Obstagoon|Protect","|move|p1a: Corviknight|Defog|p2a: Obstagoon","|-activate|p2a: Obstagoon|move: Protect","|","|-damage|p2a: Obstagoon|138\/327 brn|[from] brn","|-damage|p1a: Corviknight|375\/400 brn|[from] brn","|upkeep","|turn|33","|","|switch|p2a: Seismitoad|Seismitoad, F|310\/414","|move|p1a: Corviknight|Defog|p2a: Seismitoad","|-unboost|p2a: Seismitoad|evasion|1","|-sideend31915|Stealth Rock|[from] move: Defog|[of] p1a: Corviknight","|","|-heal|p2a: Seismitoad|335\/414|[from] item: Leftovers","|-damage|p1a: Corviknight|350\/400 brn|[from] brn","|upkeep","|turn|34","|","|move|p1a: Corviknight|U-turn|p2a: Seismitoad","|-damage|p2a: Seismitoad|301\/414","|","|switch|p1a: Toxtricity|Toxtricity, M|255\/291 brn","|move|p2a: Seismitoad|Stealth Rock|p1a: Toxtricity","|-sidestart31915|move: Stealth Rock","|","|-heal|p2a: Seismitoad|326\/414|[from] item: Leftovers","|-damage|p1a: Toxtricity|237\/291 brn|[from] brn","|upkeep","|turn|35","|","|switch|p2a: Dragapult|Dragapult, F|37\/317","|move|p1a: Toxtricity|Volt Switch|p2a: Dragapult","|-resisted|p2a: Dragapult","|-damage|p2a: Dragapult|0 fnt","|faint|p2a: Dragapult","|","|switch|p1a: Hydreigon|Hydreigon, M|226\/326 brn","|-damage|p1a: Hydreigon|186\/326 brn|[from] Stealth Rock","|","|-damage|p1a: Hydreigon|166\/326 brn|[from] brn","|upkeep","|","|switch|p2a: Sableye|Sableye, F|303\/303","|turn|36","|","|move|p2a: Sableye|Trick|p1a: Hydreigon","|-hint|Since gen 7, Dark is immune to Prankster moves.","|-immune|p1a: Hydreigon","|move|p1a: Hydreigon|Draco Meteor|p2a: Sableye|[miss]","|-miss|p1a: Hydreigon|p2a: Sableye","|","|-damage|p1a: Hydreigon|146\/326 brn|[from] brn","|upkeep","|turn|37","|","|switch|p2a: Seismitoad|Seismitoad, F|326\/414","|move|p1a: Hydreigon|Draco Meteor|p2a: Seismitoad","|-damage|p2a: Seismitoad|140\/414","|-unboost|p1a: Hydreigon|spa|2","|","|-heal|p2a: Seismitoad|165\/414|[from] item: Leftovers","|-damage|p1a: Hydreigon|126\/326 brn|[from] brn","|upkeep","|turn|38","|","|switch|p1a: Clefable|Clefable, M|389\/394","|move|p2a: Seismitoad|Earthquake|p1a: Clefable","|-damage|p1a: Clefable|230\/394","|","|-heal|p2a: Seismitoad|190\/414|[from] item: Leftovers","|-heal|p1a: Clefable|254\/394|[from] item: Leftovers","|upkeep","|turn|39","|","|switch|p2a: Sableye|Sableye, F|303\/303","|move|p1a: Clefable|Wish|p1a: Clefable","|","|-heal|p1a: Clefable|278\/394|[from] item: Leftovers","|upkeep","|turn|40","|","|switch|p1a: Hydreigon|Hydreigon, M|126\/326 brn","|-damage|p1a: Hydreigon|86\/326 brn|[from] Stealth Rock","|move|p2a: Sableye|Trick|p1a: Hydreigon","|-hint|Since gen 7, Dark is immune to Prankster moves.","|-immune|p1a: Hydreigon","|","|-heal|p1a: Hydreigon|283\/326 brn|[from] move: Wish|[wisher] Clefable","|-damage|p1a: Hydreigon|263\/326 brn|[from] brn","|upkeep","|turn|41","|","|switch|p2a: Seismitoad|Seismitoad, F|190\/414","|move|p1a: Hydreigon|Dark Pulse|p2a: Seismitoad","|-damage|p2a: Seismitoad|75\/414","|","|-heal|p2a: Seismitoad|100\/414|[from] item: Leftovers","|-damage|p1a: Hydreigon|243\/326 brn|[from] brn","|upkeep","|turn|42","|","|move|p1a: Hydreigon|Dark Pulse|p2a: Seismitoad","|-damage|p2a: Seismitoad|0 fnt","|faint|p2a: Seismitoad","|","|-damage|p1a: Hydreigon|223\/326 brn|[from] brn","|upkeep","|","|switch|p2a: Obstagoon|Obstagoon, F|138\/327 brn","|turn|43","|","|switch|p1a: Toxapex|Toxapex, M|295\/304","|-damage|p1a: Toxapex|257\/304|[from] Stealth Rock","|move|p2a: Obstagoon|Facade|p1a: Toxapex","|-damage|p1a: Toxapex|103\/304","|","|-heal|p1a: Toxapex|122\/304|[from] item: Black Sludge","|-damage|p2a: Obstagoon|118\/327 brn|[from] brn","|upkeep","|turn|44","|","|move|p1a: Toxapex|Baneful Bunker|p1a: Toxapex","|-singleturn|p1a: Toxapex|move: Protect","|move|p2a: Obstagoon|Facade|p1a: Toxapex","|-activate|p1a: Toxapex|move: Protect","|","|-heal|p1a: Toxapex|141\/304|[from] item: Black Sludge","|-damage|p2a: Obstagoon|98\/327 brn|[from] brn","|upkeep","|turn|45","|","|switch|p1a: Corviknight|Corviknight, F|350\/400 brn","|-damage|p1a: Corviknight|300\/400 brn|[from] Stealth Rock","|-ability|p1a: Corviknight|Pressure","|move|p2a: Obstagoon|Facade|p1a: Corviknight","|-resisted|p1a: Corviknight","|-damage|p1a: Corviknight|159\/400 brn","|","|-damage|p2a: Obstagoon|78\/327 brn|[from] brn","|-damage|p1a: Corviknight|134\/400 brn|[from] brn","|upkeep","|turn|46","|","|move|p2a: Obstagoon|Facade|p1a: Corviknight","|-resisted|p1a: Corviknight","|-damage|p1a: Corviknight|0 fnt","|faint|p1a: Corviknight","|","|-damage|p2a: Obstagoon|58\/327 brn|[from] brn","|upkeep","|","|switch|p1a: Hydreigon|Hydreigon, M|223\/326 brn","|-damage|p1a: Hydreigon|183\/326 brn|[from] Stealth Rock","|turn|47","|","|switch|p2a: Corviknight|Corviknight, F|291\/400","|move|p1a: Hydreigon|U-turn|p2a: Corviknight","|-resisted|p2a: Corviknight","|-damage|p2a: Corviknight|287\/400","|","|switch|p1a: Toxtricity|Toxtricity, M|237\/291 brn","|-damage|p1a: Toxtricity|201\/291 brn|[from] Stealth Rock","|","|-heal|p2a: Corviknight|312\/400|[from] item: Leftovers","|-damage|p1a: Toxtricity|183\/291 brn|[from] brn","|upkeep","|turn|48","|","|move|p1a: Toxtricity|Overdrive|p2a: Corviknight","|-supereffective|p2a: Corviknight","|-damage|p2a: Corviknight|0 fnt","|faint|p2a: Corviknight","|","|-damage|p1a: Toxtricity|165\/291 brn|[from] brn","|upkeep","|","|switch|p2a: Sableye|Sableye, F|303\/303","|turn|49","|-message|12755 forfeited.","|","|win|31915","|l|\u260612755","|raw|31915's rating: 1461 &rarr; <strong>1482<\/strong><br \/>(+21 for winning)","|raw|12755's rating: 1482 &rarr; <strong>1461<\/strong><br \/>(-21 for losing)",""],"p1":"31915","p1rating":1461,"p1team":[{"ability":"regenerator","evs":{"atk":0,"def":252,"hp":252,"spa":0,"spd":4,"spe":0},"happiness":160,"item":"blacksludge","ivs":{"atk":0,"def":31,"hp":31,"spa":31,"spd":31,"spe":31},"level":100,"moves":["scald","recover","banefulbunker","haze"],"name":"Toxapex","nature":"Bold","species":"Toxapex"},{"ability":"pressure","evs":{"atk":0,"def":0,"hp":252,"spa":0,"spd":24,"spe":200},"happiness":160,"item":"leftovers","ivs":{"atk":31,"def":31,"hp":31,"spa":31,"spd":31,"spe":31},"level":100,"moves":["ironhead","uturn","roost","defog"],"name":"Corviknight","nature":"Careful","species":"Corviknight"},{"ability":"levitate","evs":{"atk":0,"def":0,"hp":4,"spa":252,"spd":0,"spe":252},"happiness":160,"item":"choicescarf","ivs":{"atk":31,"def":31,"hp":31,"spa":31,"spd":31,"spe":31},"level":100,"moves":["dracometeor","fireblast","uturn","darkpulse"],"name":"Hydreigon","nature":"Timid","species":"Hydreigon"},{"ability":"magicguard","evs":{"atk":0,"def":4,"hp":252,"spa":0,"spd":252,"spe":0},"happiness":160,"item":"leftovers","ivs":{"atk":0,"def":31,"hp":31,"spa":31,"spd":31,"spe":31},"level":100,"moves":["wish","protect","moonblast","thunderwave"],"name":"Clefable","nature":"Calm","species":"Clefable"},{"ability":"punkrock","evs":{"atk":0,"def":0,"hp":0,"spa":252,"spd":4,"spe":252},"happiness":160,"item":"choicespecs","ivs":{"atk":0,"def":31,"hp":31,"spa":31,"spd":31,"spe":31},"level":100,"moves":["boomburst","voltswitch","overdrive","snarl"],"name":"Toxtricity","nature":"Timid","species":"Toxtricity"},{"ability":"guts","evs":{"atk":252,"def":0,"hp":4,"spa":0,"spd":0,"spe":252},"happiness":160,"item":"flameorb","ivs":{"atk":31,"def":31,"hp":31,"spa":31,"spd":31,"spe":31},"level":100,"moves":["closecombat","drainpunch","machpunch","earthquake"],"name":"Conkeldurr","nature":"Adamant","species":"Conkeldurr"}],"p2":"12755","p2rating":1482,"p2team":[{"ability":"infiltrator","evs":{"atk":0,"def":0,"hp":0,"spa":252,"spd":4,"spe":252},"happiness":160,"item":"choicespecs","ivs":{"atk":0,"def":31,"hp":31,"spa":31,"spd":31,"spe":31},"level":100,"moves":["dracometeor","flamethrower","shadowball","thunderbolt"],"name":"Dragapult","nature":"Timid","species":"Dragapult"},{"ability":"guts","evs":{"atk":252,"def":0,"hp":0,"spa":0,"spd":4,"spe":252},"happiness":160,"item":"flameorb","ivs":{"atk":31,"def":31,"hp":31,"spa":31,"spd":31,"spe":31},"level":100,"moves":["facade","obstruct","knockoff","switcheroo"],"name":"Obstagoon","nature":"Jolly","species":"Obstagoon"},{"ability":"blaze","evs":{"atk":252,"def":0,"hp":0,"spa":0,"spd":4,"spe":252},"happiness":160,"item":"heavydutyboots","ivs":{"atk":31,"def":31,"hp":31,"spa":31,"spd":31,"spe":31},"level":100,"moves":["highjumpkick","pyroball","suckerpunch","courtchange"],"name":"Cinderace","nature":"Jolly","species":"Cinderace"},{"ability":"waterabsorb","evs":{"atk":4,"def":0,"hp":252,"spa":0,"spd":252,"spe":0},"happiness":160,"item":"leftovers","ivs":{"atk":31,"def":31,"hp":31,"spa":31,"spd":31,"spe":31},"level":100,"moves":["stealthrock","toxic","scald","earthquake"],"name":"Seismitoad","nature":"Careful","species":"Seismitoad"},{"ability":"mirrorarmor","evs":{"atk":4,"def":252,"hp":252,"spa":0,"spd":0,"spe":0},"happiness":160,"item":"leftovers","ivs":{"atk":31,"def":31,"hp":31,"spa":31,"spd":31,"spe":31},"level":100,"moves":["bravebird","defog","uturn","roost"],"name":"Corviknight","nature":"Impish","species":"Corviknight"},{"ability":"prankster","evs":{"atk":0,"def":252,"hp":248,"spa":0,"spd":8,"spe":0},"happiness":160,"item":"laggingtail","ivs":{"atk":0,"def":31,"hp":31,"spa":31,"spd":31,"spe":31},"level":100,"moves":["recover","willowisp","trick","encore"],"name":"Sableye","nature":"Bold","species":"Sableye"}],"roomid":1018472,"score":[4,2],"seed":[46963,9155,6779,12749],"timestamp":"Sat Dec 28 2019 10:XX","turns":49,"winner":"31915","rated_battle":true,"average_rating":1471}