{"endType":"normal","format":"gen8ou","inputLog":[">version aa9f8c6b9cf4eca780a1296832ecd3b0009641e0",">version-origin 5e8529faaa5905c5f8e15eafaaefa806ee8c7d06",">start {\"formatid\":\"gen8ou\",\"seed\":[44658,3825,4358,45158],\"rated\":\"Rated battle\"}",">player p1 {\"\"name\":\"126192\",\"rating\":1222}",">player p2 {\"\"name\":\"62319\",\"rating\":1234}",">p1 team 6, 2, 3, 4, 5, 1",">p2 team 2, 1, 3, 4, 5, 6",">p1 switch 4",">p2 move earthquake",">p1 move taunt",">p2 move stealthrock",">p1 switch 4",">p2 switch 3",">p1 move earthquake",">p2 switch 3",">p1 switch 4",">p2 move stealthrock",">p1 move defog",">p2 switch 3",">p1 switch 5",">p2 move willowisp",">p1 move drainpunch",">p2 move voltswitch",">p2 switch 4",">p1 switch 3",">p2 move swordsdance",">p1 move haze",">p2 switch 6",">p1 switch 6",">p2 move focusblast",">p1 switch 4",">p1 move xscissor",">p2 move focusblast",">p1 switch 2",">p1 move shadowsneak",">p2 switch 4",">p1 switch 6",">p2 move voltswitch",">p2 switch 4",">p1 move scald",">p2 move recover",">p1 switch 6",">p2 move psychic",">p1 move swordsdance",">p2 switch 4",">p1 move sacredsword",">p2 move willowisp",">p1 move shadowsneak",">p2 move willowisp",">p1 move shadowsneak",">p2 move hydropump",">p2 switch 6",">p1 move shadowsneak",">p2 move swordsdance",">p1 move kingsshield",">p2 move shadowsneak",">p1 move shadowsneak",">p2 move shadowsneak",">p2 switch 3",">p1 switch 3",">p2 move earthquake",">p1 move icepunch",">p2 switch 2",">p1 move machpunch",">p2 move flashcannon",">p2 switch 2",">p1 move drainpunch",">p2 move slackoff",">p1 move machpunch",">p2 move earthquake",">p1 switch 6",">p1 move scald",">p2 move slackoff",">p1 move scald",">p2 move stealthrock",">p1 switch 5",">p2 move slackoff",">p1 move defog",">p2 move roar",">p1 switch 5",">p2 switch 4",">p1 move taunt",">p2 move thunder",">p1 move bravebird",">p2 move psychic",">p1 switch 3",">p1 move sacredsword",">p2 switch 4",">p1 move swordsdance",">p2 move earthquake",">p1 switch 5",">p1 move scald",">p2 move earthquake",">p1 move scald",">p2 move earthquake",">p1 move recover",">p2 move earthquake",">p1 move recover",">p2 move earthquake",">p1 move scald",">p2 move earthquake",">p2 switch 4",">p1 move scald",">p2 move psychic"],"log":["|j|\u2606126192","|j|\u260662319","|player|p1|126192|165|1222","|player|p2|62319|70|1234","|teamsize|p1|6","|teamsize|p2|6","|gametype|singles","|gen|8","|tier|[Gen 8] OU","|rated|","|rule|Sleep Clause Mod: Limit one foe put to sleep","|rule|Species Clause: Limit one of each Pok\u00e9mon","|rule|OHKO Clause: OHKO moves are banned","|rule|Evasion Moves Clause: Evasion moves are banned","|rule|Endless Battle Clause: Forcing endless battles is banned","|rule|HP Percentage Mod: HP is shown in percentages","|clearpoke","|poke|p1|Hydreigon, M|","|poke|p1|Aegislash, M|","|poke|p1|Toxapex, M|","|poke|p1|Corviknight, F|","|poke|p1|Conkeldurr, F|","|poke|p1|Excadrill, F|","|poke|p2|Lucario, M|","|poke|p2|Hippowdon, M|","|poke|p2|Rotom-Wash|","|poke|p2|Mimikyu, M|","|poke|p2|Hydreigon, M|","|poke|p2|Reuniclus, F|","|rule|Dynamax Clause: You cannot dynamax","|teampreview","|j| CurryBean","|j| SBR Liryex","|","|start","|switch|p1a: Excadrill|Excadrill, F, shiny|361\/361","|switch|p2a: Hippowdon|Hippowdon, M|420\/420","|-ability|p1a: Excadrill|Mold Breaker","|-weather|Sandstorm|[from] ability: Sand Stream|[of] p2a: Hippowdon","|turn|1","|","|switch|p1a: Corviknight|Corviknight, F, shiny|399\/399","|-ability|p1a: Corviknight|Pressure","|move|p2a: Hippowdon|Earthquake|p1a: Corviknight","|-immune|p1a: Corviknight","|","|-weather|Sandstorm|[upkeep]","|upkeep","|turn|2","|n|\u203dSBR Liryex|sbrliryex","|","|move|p1a: Corviknight|Taunt|p2a: Hippowdon","|-start|p2a: Hippowdon|move: Taunt","|cant|p2a: Hippowdon|move: Taunt|Stealth Rock","|","|-weather|Sandstorm|[upkeep]","|upkeep","|turn|3","|","|switch|p1a: Excadrill|Excadrill, F, shiny|361\/361","|-ability|p1a: Excadrill|Mold Breaker","|switch|p2a: Rotom|Rotom-Wash|304\/304","|","|-weather|Sandstorm|[upkeep]","|-damage|p2a: Rotom|285\/304|[from] Sandstorm","|-heal|p2a: Rotom|304\/304|[from] item: Leftovers","|upkeep","|turn|4","|","|switch|p2a: Hippowdon|Hippowdon, M|420\/420","|move|p1a: Excadrill|Earthquake|p2a: Hippowdon","|-damage|p2a: Hippowdon|269\/420","|","|-weather|Sandstorm|[upkeep]","|-heal|p2a: Hippowdon|295\/420|[from] item: Leftovers","|upkeep","|turn|5","|","|switch|p1a: Corviknight|Corviknight, F, shiny|399\/399","|-ability|p1a: Corviknight|Pressure","|move|p2a: Hippowdon|Stealth Rock|p1a: Corviknight","|-sidestart126192|move: Stealth Rock","|","|-weather|none","|-heal|p2a: Hippowdon|321\/420|[from] item: Leftovers","|upkeep","|turn|6","|","|switch|p2a: Rotom|Rotom-Wash|304\/304","|move|p1a: Corviknight|Defog|p2a: Rotom","|-unboost|p2a: Rotom|evasion|1","|-sideend126192|Stealth Rock|[from] move: Defog|[of] p1a: Corviknight","|","|upkeep","|turn|7","|","|switch|p1a: Conkeldurr|Conkeldurr, F, shiny|414\/414","|move|p2a: Rotom|Will-O-Wisp|p1a: Conkeldurr","|-status|p1a: Conkeldurr|brn","|","|-damage|p1a: Conkeldurr|389\/414 brn|[from] brn","|upkeep","|turn|8","|","|move|p2a: Rotom|Volt Switch|p1a: Conkeldurr","|-damage|p1a: Conkeldurr|314\/414 brn","|","|switch|p2a: Mimikyu|Mimikyu, M|251\/251","|move|p1a: Conkeldurr|Drain Punch|p2a: Mimikyu","|-immune|p2a: Mimikyu","|","|-damage|p1a: Conkeldurr|289\/414 brn|[from] brn","|upkeep","|turn|9","|l|currybean","|","|switch|p1a: Toxapex|Toxapex, M, shiny|304\/304","|move|p2a: Mimikyu|Swords Dance|p2a: Mimikyu","|-boost|p2a: Mimikyu|atk|2","|","|upkeep","|turn|10","|","|switch|p2a: Reuniclus|Reuniclus, F|424\/424","|move|p1a: Toxapex|Haze|p1a: Toxapex","|-clearallboost","|","|upkeep","|turn|11","|","|switch|p1a: Hydreigon|Hydreigon, M, shiny|325\/325","|move|p2a: Reuniclus|Focus Blast|p1a: Hydreigon","|-supereffective|p1a: Hydreigon","|-damage|p1a: Hydreigon|0 fnt","|faint|p1a: Hydreigon","|","|upkeep","|l|sbrliryex","|l|guest4504822","|j|\u203dpoop on carrot","|","|switch|p1a: Excadrill|Excadrill, F, shiny|361\/361","|-ability|p1a: Excadrill|Mold Breaker","|turn|12","|","|move|p1a: Excadrill|X-Scissor|p2a: Reuniclus","|-supereffective|p2a: Reuniclus","|-damage|p2a: Reuniclus|150\/424","|move|p2a: Reuniclus|Focus Blast|p1a: Excadrill","|-supereffective|p1a: Excadrill","|-damage|p1a: Excadrill|0 fnt","|faint|p1a: Excadrill","|","|upkeep","|l|pooponcarrot","|","|switch|p1a: Aegislash|Aegislash, M, shiny|324\/324","|turn|13","|","|switch|p2a: Rotom|Rotom-Wash|304\/304","|-formechange|p1a: Aegislash|Aegislash-Blade||[from] ability: Stance Change","|move|p1a: Aegislash|Shadow Sneak|p2a: Rotom","|-damage|p2a: Rotom|244\/304","|","|-heal|p2a: Rotom|263\/304|[from] item: Leftovers","|upkeep","|turn|14","|","|switch|p1a: Toxapex|Toxapex, M, shiny|304\/304","|move|p2a: Rotom|Volt Switch|p1a: Toxapex","|-supereffective|p1a: Toxapex","|-damage|p1a: Toxapex|208\/304","|l|guest4505120","|j|\u203dpus$yslayer69","|","|switch|p2a: Reuniclus|Reuniclus, F|150\/424","|","|-heal|p1a: Toxapex|227\/304|[from] item: Black Sludge","|upkeep","|turn|15","|","|move|p1a: Toxapex|Scald|p2a: Reuniclus","|-damage|p2a: Reuniclus|90\/424","|move|p2a: Reuniclus|Recover|p2a: Reuniclus","|-heal|p2a: Reuniclus|302\/424","|","|-heal|p1a: Toxapex|246\/304|[from] item: Black Sludge","|upkeep","|turn|16","|","|switch|p1a: Aegislash|Aegislash, M, shiny|324\/324","|move|p2a: Reuniclus|Psychic|p1a: Aegislash","|-resisted|p1a: Aegislash","|-damage|p1a: Aegislash|240\/324","|","|upkeep","|turn|17","|","|switch|p2a: Rotom|Rotom-Wash|263\/304","|move|p1a: Aegislash|Swords Dance|p1a: Aegislash","|-boost|p1a: Aegislash|atk|2","|","|-heal|p2a: Rotom|282\/304|[from] item: Leftovers","|upkeep","|turn|18","|","|move|p2a: Rotom|Will-O-Wisp|p1a: Aegislash","|-status|p1a: Aegislash|brn","|-enditem|p1a: Aegislash|Rawst Berry|[eat]","|-curestatus|p1a: Aegislash|brn|[msg]","|-formechange|p1a: Aegislash|Aegislash-Blade||[from] ability: Stance Change","|move|p1a: Aegislash|Sacred Sword|p2a: Rotom","|-damage|p2a: Rotom|124\/304","|","|-heal|p2a: Rotom|143\/304|[from] item: Leftovers","|upkeep","|turn|19","|","|move|p1a: Aegislash|Shadow Sneak|p2a: Rotom","|-damage|p2a: Rotom|32\/304","|move|p2a: Rotom|Will-O-Wisp|p1a: Aegislash|[miss]","|-miss|p2a: Rotom|p1a: Aegislash","|","|-heal|p2a: Rotom|51\/304|[from] item: Leftovers","|upkeep","|turn|20","|","|move|p1a: Aegislash|Shadow Sneak|p2a: Rotom","|-damage|p2a: Rotom|0 fnt","|faint|p2a: Rotom","|","|upkeep","|","|switch|p2a: Mimikyu|Mimikyu, M|251\/251","|turn|21","|","|move|p1a: Aegislash|Shadow Sneak|p2a: Mimikyu","|-activate|p2a: Mimikyu|ability: Disguise","|-damage|p2a: Mimikyu|251\/251","|detailschange|p2a: Mimikyu|Mimikyu-Busted, M","|-damage|p2a: Mimikyu|220\/251|[from] ability: Disguise|[of] p2a: Mimikyu","|move|p2a: Mimikyu|Swords Dance|p2a: Mimikyu","|-boost|p2a: Mimikyu|atk|2","|","|upkeep","|turn|22","|","|-formechange|p1a: Aegislash|Aegislash||[from] ability: Stance Change","|move|p1a: Aegislash|King's Shield|p1a: Aegislash","|-singleturn|p1a: Aegislash|Protect","|move|p2a: Mimikyu|Shadow Sneak|p1a: Aegislash","|-activate|p1a: Aegislash|move: Protect","|-unboost|p2a: Mimikyu|atk|1","|","|upkeep","|turn|23","|","|move|p2a: Mimikyu|Shadow Sneak|p1a: Aegislash","|-supereffective|p1a: Aegislash","|-damage|p1a: Aegislash|81\/324","|-damage|p2a: Mimikyu|195\/251|[from] item: Life Orb","|-formechange|p1a: Aegislash|Aegislash-Blade||[from] ability: Stance Change","|move|p1a: Aegislash|Shadow Sneak|p2a: Mimikyu","|-supereffective|p2a: Mimikyu","|-damage|p2a: Mimikyu|0 fnt","|faint|p2a: Mimikyu","|","|upkeep","|","|switch|p2a: Hippowdon|Hippowdon, M|321\/420","|-weather|Sandstorm|[from] ability: Sand Stream|[of] p2a: Hippowdon","|turn|24","|","|switch|p1a: Conkeldurr|Conkeldurr, F, shiny|289\/414 brn","|move|p2a: Hippowdon|Earthquake|p1a: Conkeldurr","|-damage|p1a: Conkeldurr|162\/414 brn","|","|-weather|Sandstorm|[upkeep]","|-damage|p1a: Conkeldurr|137\/414 brn|[from] Sandstorm","|-heal|p2a: Hippowdon|347\/420|[from] item: Leftovers","|-damage|p1a: Conkeldurr|112\/414 brn|[from] brn","|upkeep","|turn|25","|","|switch|p2a: Lucario|Lucario, M|282\/282","|move|p1a: Conkeldurr|Ice Punch|p2a: Lucario","|-resisted|p2a: Lucario","|-damage|p2a: Lucario|176\/282","|","|-weather|Sandstorm|[upkeep]","|-damage|p1a: Conkeldurr|87\/414 brn|[from] Sandstorm","|-damage|p1a: Conkeldurr|62\/414 brn|[from] brn","|upkeep","|turn|26","|","|move|p1a: Conkeldurr|Mach Punch|p2a: Lucario","|-supereffective|p2a: Lucario","|-damage|p2a: Lucario|0 fnt","|faint|p2a: Lucario","|","|-weather|Sandstorm|[upkeep]","|-damage|p1a: Conkeldurr|37\/414 brn|[from] Sandstorm","|-damage|p1a: Conkeldurr|12\/414 brn|[from] brn","|upkeep","|","|switch|p2a: Hippowdon|Hippowdon, M|347\/420","|turn|27","|","|move|p2a: Hippowdon|Slack Off|p2a: Hippowdon","|-heal|p2a: Hippowdon|420\/420","|move|p1a: Conkeldurr|Drain Punch|p2a: Hippowdon","|-damage|p2a: Hippowdon|245\/420","|-heal|p1a: Conkeldurr|100\/414 brn|[from] drain|[of] p2a: Hippowdon","|","|-weather|Sandstorm|[upkeep]","|-damage|p1a: Conkeldurr|75\/414 brn|[from] Sandstorm","|-heal|p2a: Hippowdon|271\/420|[from] item: Leftovers","|-damage|p1a: Conkeldurr|50\/414 brn|[from] brn","|upkeep","|turn|28","|","|move|p1a: Conkeldurr|Mach Punch|p2a: Hippowdon","|-damage|p2a: Hippowdon|181\/420","|move|p2a: Hippowdon|Earthquake|p1a: Conkeldurr","|-damage|p1a: Conkeldurr|0 fnt","|faint|p1a: Conkeldurr","|","|-weather|none","|-heal|p2a: Hippowdon|207\/420|[from] item: Leftovers","|upkeep","|","|switch|p1a: Toxapex|Toxapex, M, shiny|304\/304","|turn|29","|","|move|p2a: Hippowdon|Slack Off|p2a: Hippowdon","|-heal|p2a: Hippowdon|417\/420","|move|p1a: Toxapex|Scald|p2a: Hippowdon","|-supereffective|p2a: Hippowdon","|-damage|p2a: Hippowdon|277\/420","|-status|p2a: Hippowdon|brn","|","|-heal|p2a: Hippowdon|303\/420 brn|[from] item: Leftovers","|-damage|p2a: Hippowdon|277\/420 brn|[from] brn","|upkeep","|turn|30","|","|move|p2a: Hippowdon|Stealth Rock|p1a: Toxapex","|-sidestart126192|move: Stealth Rock","|move|p1a: Toxapex|Scald|p2a: Hippowdon","|-supereffective|p2a: Hippowdon","|-damage|p2a: Hippowdon|145\/420 brn","|","|-heal|p2a: Hippowdon|171\/420 brn|[from] item: Leftovers","|-damage|p2a: Hippowdon|145\/420 brn|[from] brn","|upkeep","|turn|31","|","|switch|p1a: Corviknight|Corviknight, F, shiny|399\/399","|-damage|p1a: Corviknight|350\/399|[from] Stealth Rock","|-ability|p1a: Corviknight|Pressure","|move|p2a: Hippowdon|Slack Off|p2a: Hippowdon","|-heal|p2a: Hippowdon|355\/420 brn","|","|-heal|p1a: Corviknight|374\/399|[from] item: Leftovers","|-heal|p2a: Hippowdon|381\/420 brn|[from] item: Leftovers","|-damage|p2a: Hippowdon|355\/420 brn|[from] brn","|upkeep","|turn|32","|","|move|p1a: Corviknight|Defog|p2a: Hippowdon","|-unboost|p2a: Hippowdon|evasion|1","|-sideend126192|Stealth Rock|[from] move: Defog|[of] p1a: Corviknight","|move|p2a: Hippowdon|Roar|p1a: Corviknight","|drag|p1a: Toxapex|Toxapex, M, shiny|304\/304","|","|-heal|p2a: Hippowdon|381\/420 brn|[from] item: Leftovers","|-damage|p2a: Hippowdon|355\/420 brn|[from] brn","|upkeep","|turn|33","|","|switch|p2a: Reuniclus|Reuniclus, F|302\/424","|switch|p1a: Corviknight|Corviknight, F, shiny|374\/399","|-ability|p1a: Corviknight|Pressure","|","|-heal|p1a: Corviknight|398\/399|[from] item: Leftovers","|upkeep","|turn|34","|","|move|p1a: Corviknight|Taunt|p2a: Reuniclus","|-start|p2a: Reuniclus|move: Taunt","|move|p2a: Reuniclus|Thunder|p1a: Corviknight","|-supereffective|p1a: Corviknight","|-damage|p1a: Corviknight|16\/399","|","|-heal|p1a: Corviknight|40\/399|[from] item: Leftovers","|upkeep","|turn|35","|","|move|p1a: Corviknight|Brave Bird|p2a: Reuniclus","|-damage|p2a: Reuniclus|136\/424","|-damage|p1a: Corviknight|0 fnt|[from] Recoil","|faint|p1a: Corviknight","|move|p2a: Reuniclus|Psychic|p1: Corviknight|[notarget]","|-fail|p2a: Reuniclus","|","|upkeep","|","|switch|p1a: Aegislash|Aegislash, M, shiny|81\/324","|turn|36","|","|switch|p2a: Hippowdon|Hippowdon, M|355\/420 brn","|-weather|Sandstorm|[from] ability: Sand Stream|[of] p2a: Hippowdon","|-formechange|p1a: Aegislash|Aegislash-Blade||[from] ability: Stance Change","|move|p1a: Aegislash|Sacred Sword|p2a: Hippowdon","|-damage|p2a: Hippowdon|269\/420 brn","|","|-weather|Sandstorm|[upkeep]","|-heal|p2a: Hippowdon|295\/420 brn|[from] item: Leftovers","|-damage|p2a: Hippowdon|269\/420 brn|[from] brn","|upkeep","|turn|37","|","|move|p2a: Hippowdon|Earthquake|p1a: Aegislash","|-supereffective|p1a: Aegislash","|-damage|p1a: Aegislash|0 fnt","|faint|p1a: Aegislash","|","|-weather|Sandstorm|[upkeep]","|-heal|p2a: Hippowdon|295\/420 brn|[from] item: Leftovers","|-damage|p2a: Hippowdon|269\/420 brn|[from] brn","|upkeep","|","|switch|p1a: Toxapex|Toxapex, M, shiny|304\/304","|turn|38","|","|move|p2a: Hippowdon|Earthquake|p1a: Toxapex","|-supereffective|p1a: Toxapex","|-damage|p1a: Toxapex|211\/304","|move|p1a: Toxapex|Scald|p2a: Hippowdon","|-supereffective|p2a: Hippowdon","|-damage|p2a: Hippowdon|141\/420 brn","|","|-weather|Sandstorm|[upkeep]","|-damage|p1a: Toxapex|192\/304|[from] Sandstorm","|-heal|p2a: Hippowdon|167\/420 brn|[from] item: Leftovers","|-heal|p1a: Toxapex|211\/304|[from] item: Black Sludge","|-damage|p2a: Hippowdon|141\/420 brn|[from] brn","|upkeep","|turn|39","|","|move|p2a: Hippowdon|Earthquake|p1a: Toxapex","|-supereffective|p1a: Toxapex","|-damage|p1a: Toxapex|127\/304","|move|p1a: Toxapex|Scald|p2a: Hippowdon","|-supereffective|p2a: Hippowdon","|-damage|p2a: Hippowdon|21\/420 brn","|","|-weather|Sandstorm|[upkeep]","|-damage|p1a: Toxapex|108\/304|[from] Sandstorm","|-heal|p2a: Hippowdon|47\/420 brn|[from] item: Leftovers","|-heal|p1a: Toxapex|127\/304|[from] item: Black Sludge","|-damage|p2a: Hippowdon|21\/420 brn|[from] brn","|upkeep","|turn|40","|","|move|p2a: Hippowdon|Earthquake|p1a: Toxapex","|-supereffective|p1a: Toxapex","|-damage|p1a: Toxapex|28\/304","|move|p1a: Toxapex|Recover|p1a: Toxapex","|-heal|p1a: Toxapex|180\/304","|","|-weather|none","|-heal|p2a: Hippowdon|47\/420 brn|[from] item: Leftovers","|-heal|p1a: Toxapex|199\/304|[from] item: Black Sludge","|-damage|p2a: Hippowdon|21\/420 brn|[from] brn","|upkeep","|turn|41","|","|move|p2a: Hippowdon|Earthquake|p1a: Toxapex","|-supereffective|p1a: Toxapex","|-damage|p1a: Toxapex|112\/304","|move|p1a: Toxapex|Recover|p1a: Toxapex","|-heal|p1a: Toxapex|264\/304","|","|-heal|p2a: Hippowdon|47\/420 brn|[from] item: Leftovers","|-heal|p1a: Toxapex|283\/304|[from] item: Black Sludge","|-damage|p2a: Hippowdon|21\/420 brn|[from] brn","|upkeep","|turn|42","|","|move|p2a: Hippowdon|Earthquake|p1a: Toxapex","|-supereffective|p1a: Toxapex","|-crit|p1a: Toxapex","|-damage|p1a: Toxapex|139\/304","|move|p1a: Toxapex|Scald|p2a: Hippowdon","|-supereffective|p2a: Hippowdon","|-damage|p2a: Hippowdon|0 fnt","|faint|p2a: Hippowdon","|","|-heal|p1a: Toxapex|158\/304|[from] item: Black Sludge","|upkeep","|","|switch|p2a: Reuniclus|Reuniclus, F|136\/424","|turn|43","|","|move|p1a: Toxapex|Scald|p2a: Reuniclus","|-damage|p2a: Reuniclus|75\/424","|move|p2a: Reuniclus|Psychic|p1a: Toxapex","|-supereffective|p1a: Toxapex","|-damage|p1a: Toxapex|0 fnt","|faint|p1a: Toxapex","|","|win|62319","|raw|126192's rating: 1222 &rarr; <strong>1198<\/strong><br \/>(-24 for losing)","|raw|62319's rating: 1235 &rarr; <strong>1259<\/strong><br \/>(+24 for winning)",""],"p1":"126192","p1rating":1222,"p1team":[{"ability":"levitate","evs":{"atk":0,"def":0,"hp":0,"spa":252,"spd":4,"spe":252},"gender":"M","happiness":160,"item":"choicespecs","ivs":{"atk":0,"def":31,"hp":31,"spa":31,"spd":31,"spe":31},"level":100,"moves":["dracometeor","flashcannon","darkpulse","fireblast"],"name":"Hydreigon","nature":"Timid","shiny":true,"species":"Hydreigon"},{"ability":"stancechange","evs":{"atk":252,"def":4,"hp":252,"spa":0,"spd":0,"spe":0},"gender":"M","happiness":160,"item":"rawstberry","ivs":{"atk":31,"def":31,"hp":31,"spa":31,"spd":31,"spe":0},"level":100,"moves":["swordsdance","shadowsneak","kingsshield","sacredsword"],"name":"Aegislash","nature":"Brave","shiny":true,"species":"Aegislash"},{"ability":"regenerator","evs":{"atk":0,"def":4,"hp":252,"spa":0,"spd":252,"spe":0},"gender":"M","happiness":160,"item":"blacksludge","ivs":{"atk":0,"def":31,"hp":31,"spa":31,"spd":31,"spe":31},"level":100,"moves":["scald","toxicspikes","recover","haze"],"name":"Toxapex","nature":"Calm","shiny":true,"species":"Toxapex"},{"ability":"pressure","evs":{"atk":8,"def":252,"hp":248,"spa":0,"spd":0,"spe":0},"gender":"F","happiness":160,"item":"leftovers","ivs":{"atk":31,"def":31,"hp":31,"spa":31,"spd":31,"spe":31},"level":100,"moves":["roost","bravebird","defog","taunt"],"name":"Corviknight","nature":"Impish","shiny":true,"species":"Corviknight"},{"ability":"guts","evs":{"atk":252,"def":0,"hp":252,"spa":0,"spd":4,"spe":0},"gender":"F","happiness":160,"item":"assaultvest","ivs":{"atk":31,"def":31,"hp":31,"spa":31,"spd":31,"spe":31},"level":100,"moves":["drainpunch","machpunch","firepunch","icepunch"],"name":"Conkeldurr","nature":"Adamant","shiny":true,"species":"Conkeldurr"},{"ability":"moldbreaker","evs":{"atk":252,"def":0,"hp":0,"spa":0,"spd":4,"spe":252},"gender":"F","happiness":160,"item":"choicescarf","ivs":{"atk":31,"def":31,"hp":31,"spa":31,"spd":31,"spe":31},"level":100,"moves":["ironhead","earthquake","xscissor","rapidspin"],"name":"Excadrill","nature":"Adamant","shiny":true,"species":"Excadrill"}],"p2":"62319","p2rating":1234,"p2team":[{"ability":"steadfast","evs":{"atk":0,"def":0,"hp":4,"spa":252,"spd":0,"spe":252},"happiness":160,"item":"lifeorb","ivs":{"atk":0,"def":31,"hp":31,"spa":31,"spd":31,"spe":31},"level":100,"moves":["nastyplot","vacuumwave","flashcannon","aurasphere"],"name":"Lucario","nature":"Timid","species":"Lucario"},{"ability":"sandstream","evs":{"atk":0,"def":152,"hp":252,"spa":0,"spd":104,"spe":0},"happiness":160,"item":"leftovers","ivs":{"atk":31,"def":31,"hp":31,"spa":31,"spd":31,"spe":31},"level":100,"moves":["stealthrock","earthquake","slackoff","roar"],"name":"Hippowdon","nature":"Impish","species":"Hippowdon"},{"ability":"levitate","evs":{"atk":0,"def":252,"hp":252,"spa":0,"spd":4,"spe":0},"gender":"N","happiness":160,"item":"leftovers","ivs":{"atk":0,"def":31,"hp":31,"spa":31,"spd":31,"spe":31},"level":100,"moves":["voltswitch","hydropump","willowisp","thunderwave"],"name":"Rotom","nature":"Bold","species":"rotomwash"},{"ability":"disguise","evs":{"atk":252,"def":0,"hp":0,"spa":0,"spd":4,"spe":252},"happiness":160,"item":"lifeorb","ivs":{"atk":31,"def":31,"hp":31,"spa":31,"spd":31,"spe":31},"level":100,"moves":["swordsdance","playrough","shadowclaw","shadowsneak"],"name":"Mimikyu","nature":"Jolly","species":"Mimikyu"},{"ability":"levitate","evs":{"atk":0,"def":0,"hp":0,"spa":252,"spd":4,"spe":252},"happiness":160,"item":"choicescarf","ivs":{"atk":31,"def":31,"hp":31,"spa":31,"spd":31,"spe":31},"level":100,"moves":["uturn","dracometeor","darkpulse","flamethrower"],"name":"Hydreigon","nature":"Timid","species":"Hydreigon"},{"ability":"magicguard","evs":{"atk":0,"def":0,"hp":252,"spa":252,"spd":4,"spe":0},"happiness":160,"item":"lifeorb","ivs":{"atk":0,"def":31,"hp":31,"spa":31,"spd":31,"spe":0},"level":100,"moves":["recover","psychic","focusblast","thunder"],"name":"Reuniclus","nature":"Quiet","species":"Reuniclus"}],"roomid":1017682,"score":[0,2],"seed":[44658,3825,4358,45158],"timestamp":"Sat Dec 28 2019 04:XX","turns":43,"winner":"62319","rated_battle":true,"average_rating":1228}