{"endType":"forfeit","format":"gen8ou","inputLog":[">version aa9f8c6b9cf4eca780a1296832ecd3b0009641e0",">version-origin 5e8529faaa5905c5f8e15eafaaefa806ee8c7d06",">start {\"formatid\":\"gen8ou\",\"seed\":[55260,2711,158,57146],\"rated\":\"Rated battle\"}",">player p1 {\"\"name\":\"26392\",\"rating\":1331}",">player p2 {\"\"name\":\"144924\",\"rating\":1383}",">p1 team 5, 2, 3, 4, 1, 6",">p2 team 6, 2, 3, 4, 5, 1",">p1 move stickyweb",">p2 move uturn",">p2 switch 2",">p1 move uturn",">p2 move overheat",">p1 switch 2",">p1 move uturn",">p2 switch 4",">p1 switch 5",">p1 move fishiousrend",">p2 switch 6",">p1 switch 2",">p2 move scald",">p1 switch 4",">p1 move moonblast",">p2 switch 3",">p1 move moonblast",">p2 move wish",">p1 move moonblast",">p2 move protect",">p1 move moonblast",">p2 move wish",">p1 move moonblast",">p2 move protect",">p1 move moonblast",">p2 move wish",">p1 move moonblast",">p2 move protect",">p1 move moonblast",">p2 move wish",">p1 move moonblast",">p2 switch 4",">p1 switch 3",">p2 move nastyplot",">p1 move trick",">p2 switch 3",">p1 switch 3",">p2 switch 3",">p1 switch 2",">p2 move voltswitch",">p2 switch 3",">p1 move crunch",">p2 move earthquake",">p1 switch 2",">p2 switch 6",">p1 move moonblast",">p2 move defog",">p1 move moonblast",">p2 switch 3",">p1 move moonblast",">p2 move voltswitch",">p2 switch 4",">p1 switch 6",">p2 move protect",">p1 move swordsdance",">p2 switch 4",">p1 move suckerpunch",">p2 move willowisp",">p1 move throatchop",">p2 move overheat",">p1 switch 2",">p1 switch 6",">p2 switch 3",">p1 move moonblast",">p2 move foulplay",">p2 switch 4",">p1 move moonblast",">p2 move wish",">p1 switch 6",">p2 move protect",">p1 move psychicfangs",">p2 move protect",">p1 switch 6",">p2 move wish",">p1 move moonblast",">p2 move moonblast",">p1 move moonlight",">p2 move stealthrock",">p1 move moonblast",">p2 move moonblast"],"log":["|j|\u260626392","|j|\u2606144924","|player|p1|26392|266|1331","|player|p2|144924|33|1383","|teamsize|p1|6","|teamsize|p2|6","|gametype|singles","|gen|8","|tier|[Gen 8] OU","|rated|","|rule|Sleep Clause Mod: Limit one foe put to sleep","|rule|Species Clause: Limit one of each Pok\u00e9mon","|rule|OHKO Clause: OHKO moves are banned","|rule|Evasion Moves Clause: Evasion moves are banned","|rule|Endless Battle Clause: Forcing endless battles is banned","|rule|HP Percentage Mod: HP is shown in percentages","|clearpoke","|poke|p1|Dracovish|","|poke|p1|Dragapult, M|","|poke|p1|Rotom-Wash|","|poke|p1|Clefable, M|","|poke|p1|Ribombee, M|","|poke|p1|Bisharp, F|","|poke|p2|Gastrodon, F|","|poke|p2|Rotom-Heat|","|poke|p2|Clefable, F|","|poke|p2|Mandibuzz, F|","|poke|p2|Dracozolt|","|poke|p2|Darmanitan-Galar, F|","|rule|Dynamax Clause: You cannot dynamax","|teampreview","|","|start","|switch|p1a: Ribombee|Ribombee, M|261\/261","|switch|p2a: Darmanitan|Darmanitan-Galar, F|351\/351","|turn|1","|","|move|p2a: Darmanitan|U-turn|p1a: Ribombee","|-resisted|p1a: Ribombee","|-damage|p1a: Ribombee|157\/261","|","|switch|p2a: Rotom|Rotom-Heat|273\/273","|move|p1a: Ribombee|Sticky Web|p2a: Rotom","|-sidestart144924|move: Sticky Web","|","|upkeep","|turn|2","|","|move|p1a: Ribombee|U-turn|p2a: Rotom","|-resisted|p2a: Rotom","|-damage|p2a: Rotom|256\/273","|","|switch|p1a: Dragapult|Dragapult, M|317\/317","|move|p2a: Rotom|Overheat|p1a: Dragapult","|-resisted|p1a: Dragapult","|-damage|p1a: Dragapult|213\/317","|-unboost|p2a: Rotom|spa|2","|","|upkeep","|turn|3","|","|switch|p2a: Mandibuzz|Mandibuzz, F|424\/424","|move|p1a: Dragapult|U-turn|p2a: Mandibuzz","|-damage|p2a: Mandibuzz|367\/424","|","|switch|p1a: Dracovish|Dracovish|321\/321","|","|upkeep","|turn|4","|","|switch|p2a: Gastrodon|Gastrodon, F|426\/426","|-activate|p2a: Gastrodon|move: Sticky Web","|-unboost|p2a: Gastrodon|spe|1","|move|p1a: Dracovish|Fishious Rend|p2a: Gastrodon","|-ability|p2a: Gastrodon|Storm Drain|boost","|-boost|p2a: Gastrodon|spa|1","|","|upkeep","|turn|5","|","|switch|p1a: Ribombee|Ribombee, M|157\/261","|move|p2a: Gastrodon|Scald|p1a: Ribombee","|-damage|p1a: Ribombee|0 fnt","|faint|p1a: Ribombee","|","|upkeep","|","|switch|p1a: Clefable|Clefable, M|394\/394","|turn|6","|","|switch|p2a: Clefable|Clefable, F|394\/394","|-activate|p2a: Clefable|move: Sticky Web","|-unboost|p2a: Clefable|spe|1","|move|p1a: Clefable|Moonblast|p2a: Clefable","|-damage|p2a: Clefable|238\/394","|","|-heal|p2a: Clefable|262\/394|[from] item: Leftovers","|upkeep","|turn|7","|","|move|p1a: Clefable|Moonblast|p2a: Clefable","|-damage|p2a: Clefable|101\/394","|-unboost|p2a: Clefable|spa|1","|move|p2a: Clefable|Wish|p2a: Clefable","|","|-heal|p2a: Clefable|125\/394|[from] item: Leftovers","|upkeep","|turn|8","|","|move|p2a: Clefable|Protect|p2a: Clefable","|-singleturn|p2a: Clefable|Protect","|move|p1a: Clefable|Moonblast|p2a: Clefable","|-activate|p2a: Clefable|move: Protect","|","|-heal|p2a: Clefable|322\/394|[from] move: Wish|[wisher] Clefable","|-heal|p2a: Clefable|346\/394|[from] item: Leftovers","|upkeep","|turn|9","|","|move|p1a: Clefable|Moonblast|p2a: Clefable","|-damage|p2a: Clefable|194\/394","|move|p2a: Clefable|Wish|p2a: Clefable","|","|-heal|p2a: Clefable|218\/394|[from] item: Leftovers","|upkeep","|turn|10","|","|move|p2a: Clefable|Protect|p2a: Clefable","|-singleturn|p2a: Clefable|Protect","|move|p1a: Clefable|Moonblast|p2a: Clefable","|-activate|p2a: Clefable|move: Protect","|","|-heal|p2a: Clefable|394\/394|[from] move: Wish|[wisher] Clefable","|upkeep","|turn|11","|","|move|p1a: Clefable|Moonblast|p2a: Clefable","|-crit|p2a: Clefable","|-damage|p2a: Clefable|155\/394","|move|p2a: Clefable|Wish|p2a: Clefable","|","|-heal|p2a: Clefable|179\/394|[from] item: Leftovers","|upkeep","|turn|12","|","|move|p2a: Clefable|Protect|p2a: Clefable","|-singleturn|p2a: Clefable|Protect","|move|p1a: Clefable|Moonblast|p2a: Clefable","|-activate|p2a: Clefable|move: Protect","|","|-heal|p2a: Clefable|376\/394|[from] move: Wish|[wisher] Clefable","|-heal|p2a: Clefable|394\/394|[from] item: Leftovers","|upkeep","|turn|13","|","|move|p1a: Clefable|Moonblast|p2a: Clefable","|-damage|p2a: Clefable|237\/394","|-unboost|p2a: Clefable|spa|1","|move|p2a: Clefable|Wish|p2a: Clefable","|","|-heal|p2a: Clefable|261\/394|[from] item: Leftovers","|upkeep","|turn|14","|","|switch|p2a: Rotom|Rotom-Heat|256\/273","|move|p1a: Clefable|Moonblast|p2a: Rotom","|-resisted|p2a: Rotom","|-damage|p2a: Rotom|172\/273","|","|-heal|p2a: Rotom|273\/273|[from] move: Wish|[wisher] Clefable","|upkeep","|turn|15","|","|switch|p1a: Rotom|Rotom-Wash|241\/241","|move|p2a: Rotom|Nasty Plot|p2a: Rotom","|-boost|p2a: Rotom|spa|2","|","|upkeep","|turn|16","|","|switch|p2a: Gastrodon|Gastrodon, F|426\/426","|-activate|p2a: Gastrodon|move: Sticky Web","|-unboost|p2a: Gastrodon|spe|1","|move|p1a: Rotom|Trick|p2a: Gastrodon","|-activate|p1a: Rotom|move: Trick|[of] p2a: Gastrodon","|-item|p2a: Gastrodon|Choice Scarf|[from] move: Trick","|-item|p1a: Rotom|Leftovers|[from] move: Trick","|","|upkeep","|turn|17","|","|switch|p1a: Clefable|Clefable, M|394\/394","|switch|p2a: Rotom|Rotom-Heat|273\/273","|","|upkeep","|turn|18","|","|switch|p1a: Dracovish|Dracovish|321\/321","|move|p2a: Rotom|Volt Switch|p1a: Dracovish","|-damage|p1a: Dracovish|227\/321","|","|switch|p2a: Gastrodon|Gastrodon, F|426\/426","|-activate|p2a: Gastrodon|move: Sticky Web","|-unboost|p2a: Gastrodon|spe|1","|","|upkeep","|turn|19","|","|move|p1a: Dracovish|Crunch|p2a: Gastrodon","|-damage|p2a: Gastrodon|225\/426","|move|p2a: Gastrodon|Earthquake|p1a: Dracovish","|-damage|p1a: Dracovish|128\/321","|","|upkeep","|turn|20","|","|switch|p1a: Clefable|Clefable, M|394\/394","|switch|p2a: Mandibuzz|Mandibuzz, F|367\/424","|","|upkeep","|turn|21","|","|move|p2a: Mandibuzz|Defog|p1a: Clefable","|-unboost|p1a: Clefable|evasion|1","|-sideend144924|Sticky Web|[from] move: Defog|[of] p2a: Mandibuzz","|move|p1a: Clefable|Moonblast|p2a: Mandibuzz","|-supereffective|p2a: Mandibuzz","|-damage|p2a: Mandibuzz|55\/424","|-unboost|p2a: Mandibuzz|spa|1","|","|upkeep","|turn|22","|","|switch|p2a: Rotom|Rotom-Heat|273\/273","|move|p1a: Clefable|Moonblast|p2a: Rotom","|-resisted|p2a: Rotom","|-damage|p2a: Rotom|178\/273","|-unboost|p2a: Rotom|spa|1","|","|upkeep","|turn|23","|","|move|p2a: Rotom|Volt Switch|p1a: Clefable","|-damage|p1a: Clefable|328\/394","|","|switch|p2a: Clefable|Clefable, F|261\/394","|move|p1a: Clefable|Moonblast|p2a: Clefable","|-damage|p2a: Clefable|117\/394","|","|-heal|p2a: Clefable|141\/394|[from] item: Leftovers","|upkeep","|turn|24","|","|switch|p1a: Bisharp|Bisharp, F|271\/271","|move|p2a: Clefable|Protect||[still]","|-fail|p2a: Clefable","|","|-heal|p2a: Clefable|165\/394|[from] item: Leftovers","|upkeep","|turn|25","|","|switch|p2a: Rotom|Rotom-Heat|178\/273","|move|p1a: Bisharp|Swords Dance|p1a: Bisharp","|-boost|p1a: Bisharp|atk|2","|","|upkeep","|turn|26","|","|move|p1a: Bisharp|Sucker Punch||[still]","|-fail|p1a: Bisharp","|move|p2a: Rotom|Will-O-Wisp|p1a: Bisharp","|-status|p1a: Bisharp|brn","|","|-damage|p1a: Bisharp|255\/271 brn|[from] brn","|upkeep","|turn|27","|","|move|p2a: Rotom|Overheat|p1a: Bisharp","|-supereffective|p1a: Bisharp","|-damage|p1a: Bisharp|0 fnt","|-unboost|p2a: Rotom|spa|2","|faint|p1a: Bisharp","|","|upkeep","|","|switch|p1a: Dracovish|Dracovish|128\/321","|turn|28","|","|switch|p1a: Clefable|Clefable, M|328\/394","|switch|p2a: Mandibuzz|Mandibuzz, F|55\/424","|","|upkeep","|turn|29","|","|move|p2a: Mandibuzz|Foul Play|p1a: Clefable","|-resisted|p1a: Clefable","|-damage|p1a: Clefable|290\/394","|move|p1a: Clefable|Moonblast|p2a: Mandibuzz","|-supereffective|p2a: Mandibuzz","|-damage|p2a: Mandibuzz|0 fnt","|faint|p2a: Mandibuzz","|","|upkeep","|","|switch|p2a: Clefable|Clefable, F|165\/394","|turn|30","|","|move|p1a: Clefable|Moonblast|p2a: Clefable","|-damage|p2a: Clefable|21\/394","|-unboost|p2a: Clefable|spa|1","|move|p2a: Clefable|Wish|p2a: Clefable","|","|-heal|p2a: Clefable|45\/394|[from] item: Leftovers","|upkeep","|turn|31","|","|switch|p1a: Dracovish|Dracovish|128\/321","|move|p2a: Clefable|Protect||[still]","|-fail|p2a: Clefable","|","|-heal|p2a: Clefable|242\/394|[from] move: Wish|[wisher] Clefable","|-heal|p2a: Clefable|266\/394|[from] item: Leftovers","|upkeep","|turn|32","|","|move|p2a: Clefable|Protect|p2a: Clefable","|-singleturn|p2a: Clefable|Protect","|move|p1a: Dracovish|Psychic Fangs|p2a: Clefable","|-activate|p2a: Clefable|move: Protect","|","|-heal|p2a: Clefable|290\/394|[from] item: Leftovers","|upkeep","|turn|33","|","|switch|p1a: Clefable|Clefable, M|290\/394","|move|p2a: Clefable|Wish|p2a: Clefable","|","|-heal|p2a: Clefable|314\/394|[from] item: Leftovers","|upkeep","|turn|34","|","|move|p1a: Clefable|Moonblast|p2a: Clefable","|-damage|p2a: Clefable|158\/394","|move|p2a: Clefable|Moonblast|p1a: Clefable","|-damage|p1a: Clefable|215\/394","|-unboost|p1a: Clefable|spa|1","|","|-heal|p2a: Clefable|355\/394|[from] move: Wish|[wisher] Clefable","|-heal|p2a: Clefable|379\/394|[from] item: Leftovers","|upkeep","|turn|35","|","|move|p1a: Clefable|Moonlight|p1a: Clefable","|-heal|p1a: Clefable|394\/394","|move|p2a: Clefable|Stealth Rock|p1a: Clefable","|-sidestart26392|move: Stealth Rock","|","|-heal|p2a: Clefable|394\/394|[from] item: Leftovers","|upkeep","|turn|36","|","|move|p1a: Clefable|Moonblast|p2a: Clefable","|-damage|p2a: Clefable|299\/394","|move|p2a: Clefable|Moonblast|p1a: Clefable","|-damage|p1a: Clefable|313\/394","|-unboost|p1a: Clefable|spa|1","|","|-heal|p2a: Clefable|323\/394|[from] item: Leftovers","|upkeep","|turn|37","|-message|26392 forfeited.","|","|win|144924","|l|\u260626392","|raw|26392's rating: 1331 &rarr; <strong>1314<\/strong><br \/>(-17 for losing)","|raw|144924's rating: 1383 &rarr; <strong>1400<\/strong><br \/>(+17 for winning)",""],"p1":"26392","p1rating":1331,"p1team":[{"ability":"strongjaw","evs":{"atk":252,"def":0,"hp":0,"spa":0,"spd":0,"spe":252},"gender":"N","happiness":160,"item":"choiceband","ivs":{"atk":31,"def":31,"hp":31,"spa":31,"spd":31,"spe":31},"level":100,"moves":["fishiousrend","crunch","icefang","psychicfangs"],"name":"Dracovish","nature":"Jolly","species":"Dracovish"},{"ability":"clearbody","evs":{"atk":0,"def":0,"hp":0,"spa":252,"spd":4,"spe":252},"happiness":160,"item":"choicespecs","ivs":{"atk":31,"def":31,"hp":31,"spa":31,"spd":31,"spe":31},"level":100,"moves":["uturn","fireblast","dracometeor","shadowball"],"name":"Dragapult","nature":"Timid","species":"Dragapult"},{"ability":"levitate","evs":{"atk":0,"def":0,"hp":0,"spa":252,"spd":4,"spe":252},"gender":"N","happiness":160,"item":"choicescarf","ivs":{"atk":0,"def":31,"hp":31,"spa":31,"spd":31,"spe":31},"level":100,"moves":["voltswitch","trick","hydropump","thunderbolt"],"name":"Rotom","nature":"Timid","species":"rotomwash"},{"ability":"magicguard","evs":{"atk":0,"def":0,"hp":252,"spa":252,"spd":0,"spe":4},"happiness":160,"item":"lifeorb","ivs":{"atk":0,"def":31,"hp":31,"spa":31,"spd":31,"spe":31},"level":100,"moves":["moonblast","thunderbolt","fireblast","moonlight"],"name":"Clefable","nature":"Modest","species":"Clefable"},{"ability":"shielddust","evs":{"atk":0,"def":0,"hp":0,"spa":252,"spd":0,"spe":252},"happiness":160,"item":"focussash","ivs":{"atk":31,"def":31,"hp":31,"spa":31,"spd":31,"spe":31},"level":100,"moves":["moonblast","stunspore","stickyweb","uturn"],"name":"Ribombee","nature":"Timid","species":"Ribombee"},{"ability":"defiant","evs":{"atk":252,"def":0,"hp":0,"spa":0,"spd":0,"spe":252},"happiness":160,"item":"blackglasses","ivs":{"atk":31,"def":31,"hp":31,"spa":31,"spd":31,"spe":31},"level":100,"moves":["swordsdance","throatchop","ironhead","suckerpunch"],"name":"Bisharp","nature":"Adamant","species":"Bisharp"}],"p2":"144924","p2rating":1383,"p2team":[{"ability":"stormdrain","evs":{"atk":0,"def":104,"hp":252,"spa":0,"spd":152,"spe":0},"happiness":160,"item":"leftovers","ivs":{"atk":31,"def":31,"hp":31,"spa":31,"spd":31,"spe":31},"level":100,"moves":["scald","earthquake","recover","clearsmog"],"name":"Gastrodon","nature":"Sassy","species":"Gastrodon"},{"ability":"levitate","evs":{"atk":0,"def":252,"hp":128,"spa":0,"spd":0,"spe":128},"gender":"N","happiness":160,"item":"heavydutyboots","ivs":{"atk":0,"def":31,"hp":31,"spa":31,"spd":31,"spe":31},"level":100,"moves":["nastyplot","overheat","willowisp","voltswitch"],"name":"Rotom","nature":"Bold","species":"rotomheat"},{"ability":"magicguard","evs":{"atk":0,"def":0,"hp":252,"spa":4,"spd":252,"spe":0},"happiness":160,"item":"leftovers","ivs":{"atk":0,"def":31,"hp":31,"spa":31,"spd":31,"spe":31},"level":100,"moves":["moonblast","wish","protect","stealthrock"],"name":"Clefable","nature":"Calm","species":"Clefable"},{"ability":"overcoat","evs":{"atk":0,"def":4,"hp":252,"spa":0,"spd":252,"spe":0},"gender":"F","happiness":160,"item":"heavydutyboots","ivs":{"atk":31,"def":31,"hp":31,"spa":31,"spd":31,"spe":31},"level":100,"moves":["foulplay","roost","defog","uturn"],"name":"Mandibuzz","nature":"Careful","species":"Mandibuzz"},{"ability":"hustle","evs":{"atk":252,"def":0,"hp":0,"spa":0,"spd":4,"spe":252},"gender":"N","happiness":160,"item":"blunderpolicy","ivs":{"atk":31,"def":31,"hp":31,"spa":31,"spd":31,"spe":31},"level":100,"moves":["boltbeak","outrage","substitute","firefang"],"name":"Dracozolt","nature":"Adamant","species":"Dracozolt"},{"ability":"gorillatactics","evs":{"atk":252,"def":0,"hp":0,"spa":0,"spd":4,"spe":252},"happiness":160,"item":"choicescarf","ivs":{"atk":31,"def":31,"hp":31,"spa":31,"spd":31,"spe":31},"level":100,"moves":["iciclecrash","uturn","flareblitz","earthquake"],"name":"Darmanitan","nature":"Jolly","species":"darmanitangalar"}],"roomid":1018793,"score":[4,5],"seed":[55260,2711,158,57146],"timestamp":"Sat Dec 28 2019 08:XX","turns":37,"winner":"144924","rated_battle":true,"average_rating":1357}