{"endType":"forfeit","format":"gen8ou","inputLog":[">version aa9f8c6b9cf4eca780a1296832ecd3b0009641e0",">version-origin 5e8529faaa5905c5f8e15eafaaefa806ee8c7d06",">start {\"formatid\":\"gen8ou\",\"seed\":[51287,407,53632,42980],\"rated\":\"Rated battle\"}",">player p1 {\"\"name\":\"22700\",\"rating\":1259}",">player p2 {\"\"name\":\"25778\",\"rating\":1320}",">p1 team 2, 1, 3, 4, 5, 6",">p2 team 5, 2, 3, 4, 1, 6",">p1 move octolock",">p2 move stealthrock",">p1 move closecombat",">p2 move bulkup",">p1 move closecombat",">p2 move earthquake",">p1 move suckerpunch",">p2 move earthquake",">p2 switch 2",">p1 move waterfall",">p2 move bravebird",">p1 switch 5",">p1 move rapidspin",">p2 move ironhead",">p1 switch 4",">p2 move ironhead",">p1 move boomburst",">p2 switch 5",">p1 move boomburst",">p2 move wish",">p1 move boomburst",">p2 move protect",">p1 switch 4",">p2 move wish",">p1 move stealthrock",">p2 switch 5",">p1 switch 4",">p2 move defog",">p1 move voltswitch",">p2 switch 5",">p1 switch 2",">p1 switch 2",">p2 move wish",">p1 move boomburst",">p2 move protect",">p1 move boomburst",">p2 move wish",">p1 move boomburst",">p2 move protect",">p1 move boomburst",">p2 move wish",">p1 move boomburst",">p2 move hypervoice",">p1 move boomburst",">p2 move protect",">p1 move boomburst",">p2 move wish",">p1 switch 3",">p2 move protect",">p1 move thunderbolt",">p2 switch 4",">p1 move voltswitch",">p2 move voltswitch",">p1 switch 4",">p1 switch 4",">p2 switch 5",">p1 move overheat",">p2 switch 4",">p1 move voltswitch",">p2 move wish",">p1 switch 4",">p1 move stealthrock",">p2 move protect",">p1 switch 2",">p2 switch 3",">p1 move substitute",">p2 move suckerpunch",">p1 move dragondance",">p2 switch 3",">p1 move phantomforce",">p2 move hypervoice",">p1 move phantomforce",">p2 move hypervoice",">p1 switch 3",">p1 move boomburst",">p2 move protect",">p1 move boomburst",">p2 switch 4",">p1 move boomburst",">p2 move defog",">p1 move boomburst",">p2 switch 4",">p2 switch 3",">p1 move struggle",">p2 move earthquake",">p1 switch 4",">p1 move voltswitch",">p2 switch 6",">p1 switch 2",">p1 switch 2",">p2 switch 4",">p1 move willowisp",">p2 switch 6",">p1 move overheat",">p2 move stealthrock",">p2 switch 4",">p1 move voltswitch",">p2 move toxic",">p1 switch 2",">p1 move rapidspin",">p2 switch 6",">p1 move ironhead",">p2 move roost",">p1 move earthquake",">p2 move bravebird",">p1 switch 2",">p2 move bravebird",">p1 move thunderbolt",">p2 switch 5",">p1 move voltswitch",">p2 move overheat",">p1 switch 6",">p1 move nightshade",">p2 move voltswitch",">p2 switch 6",">p1 switch 6",">p2 move scald",">p1 switch 6",">p1 move strengthsap",">p2 move toxic",">p1 switch 2",">p2 move scald",">p1 move earthquake",">p2 switch 5"],"log":["|j|\u260622700","|j|\u260625778","|player|p1|22700|crasherwake|1259","|player|p2|25778|clerk|1320","|teamsize|p1|6","|teamsize|p2|6","|gametype|singles","|gen|8","|tier|[Gen 8] OU","|rated|","|rule|Sleep Clause Mod: Limit one foe put to sleep","|rule|Species Clause: Limit one of each Pok\u00e9mon","|rule|OHKO Clause: OHKO moves are banned","|rule|Evasion Moves Clause: Evasion moves are banned","|rule|Endless Battle Clause: Forcing endless battles is banned","|rule|HP Percentage Mod: HP is shown in percentages","|clearpoke","|poke|p1|Dragapult, F|","|poke|p1|Grapploct, F|","|poke|p1|Rotom-Heat|","|poke|p1|Toxtricity-Low-Key, M|","|poke|p1|Excadrill, M|","|poke|p1|Corsola-Galar, M|","|poke|p2|Sylveon, F|","|poke|p2|Corviknight, F|","|poke|p2|Dugtrio, M|","|poke|p2|Rotom-Heat|","|poke|p2|Kommo-o, M|","|poke|p2|Toxapex, F|","|rule|Dynamax Clause: You cannot dynamax","|teampreview","|j| neon xeon","|","|start","|switch|p1a: Grapploct|Grapploct, F|364\/364","|switch|p2a: Kommo-o|Kommo-o, M|339\/339","|turn|1","|","|move|p2a: Kommo-o|Stealth Rock|p1a: Grapploct","|-sidestart22700|move: Stealth Rock","|move|p1a: Grapploct|Octolock|p2a: Kommo-o","|-activate|p2a: Kommo-o|move: Octolock|[of] p1a: Grapploct","|","|-unboost|p2a: Kommo-o|def|1","|-unboost|p2a: Kommo-o|spd|1","|upkeep","|turn|2","|j| un po' un pino","|","|move|p2a: Kommo-o|Bulk Up|p2a: Kommo-o","|-boost|p2a: Kommo-o|atk|1","|-boost|p2a: Kommo-o|def|1","|move|p1a: Grapploct|Close Combat|p2a: Kommo-o","|-damage|p2a: Kommo-o|206\/339","|-unboost|p1a: Grapploct|def|1","|-unboost|p1a: Grapploct|spd|1","|","|-heal|p2a: Kommo-o|227\/339|[from] item: Leftovers","|-unboost|p2a: Kommo-o|def|1","|-unboost|p2a: Kommo-o|spd|1","|upkeep","|turn|3","|","|move|p2a: Kommo-o|Earthquake|p1a: Grapploct","|-damage|p1a: Grapploct|138\/364","|move|p1a: Grapploct|Close Combat|p2a: Kommo-o","|-damage|p2a: Kommo-o|34\/339","|-unboost|p1a: Grapploct|def|1","|-unboost|p1a: Grapploct|spd|1","|","|-heal|p2a: Kommo-o|55\/339|[from] item: Leftovers","|-unboost|p2a: Kommo-o|def|1","|-unboost|p2a: Kommo-o|spd|1","|upkeep","|turn|4","|","|move|p1a: Grapploct|Sucker Punch|p2a: Kommo-o","|-resisted|p2a: Kommo-o","|-damage|p2a: Kommo-o|0 fnt","|faint|p2a: Kommo-o","|","|upkeep","|j| AltCauseImInsecure@!","|","|switch|p2a: Corviknight|Corviknight, F|400\/400","|-ability|p2a: Corviknight|Pressure","|turn|5","|","|move|p2a: Corviknight|Brave Bird|p1a: Grapploct","|-supereffective|p1a: Grapploct","|-damage|p1a: Grapploct|0 fnt","|-damage|p2a: Corviknight|354\/400|[from] Recoil","|faint|p1a: Grapploct","|","|-heal|p2a: Corviknight|379\/400|[from] item: Leftovers","|upkeep","|","|switch|p1a: Excadrill|Excadrill, M|361\/361","|-damage|p1a: Excadrill|350\/361|[from] Stealth Rock","|-ability|p1a: Excadrill|Mold Breaker","|turn|6","|","|move|p1a: Excadrill|Rapid Spin|p2a: Corviknight","|-resisted|p2a: Corviknight","|-damage|p2a: Corviknight|353\/400","|-sideend22700|Stealth Rock|[from] move: Rapid Spin|[of] p1a: Excadrill","|-boost|p1a: Excadrill|spe|1","|move|p2a: Corviknight|Iron Head|p1a: Excadrill","|-resisted|p1a: Excadrill","|-damage|p1a: Excadrill|284\/361","|","|-heal|p2a: Corviknight|378\/400|[from] item: Leftovers","|upkeep","|turn|7","|","|switch|p1a: Toxtricity|Toxtricity-Low-Key, M|291\/291","|move|p2a: Corviknight|Iron Head|p1a: Toxtricity","|-resisted|p1a: Toxtricity","|-damage|p1a: Toxtricity|230\/291","|","|-heal|p2a: Corviknight|400\/400|[from] item: Leftovers","|upkeep","|turn|8","|","|switch|p2a: Sylveon|Sylveon, F|394\/394","|move|p1a: Toxtricity|Boomburst|p2a: Sylveon","|-damage|p2a: Sylveon|227\/394","|","|-heal|p2a: Sylveon|251\/394|[from] item: Leftovers","|upkeep","|turn|9","|","|move|p1a: Toxtricity|Boomburst|p2a: Sylveon","|-damage|p2a: Sylveon|86\/394","|move|p2a: Sylveon|Wish|p2a: Sylveon","|","|-heal|p2a: Sylveon|110\/394|[from] item: Leftovers","|upkeep","|turn|10","|","|move|p2a: Sylveon|Protect|p2a: Sylveon","|-singleturn|p2a: Sylveon|Protect","|move|p1a: Toxtricity|Boomburst|p2a: Sylveon","|-activate|p2a: Sylveon|move: Protect","|","|-heal|p2a: Sylveon|307\/394|[from] move: Wish|[wisher] Sylveon","|-heal|p2a: Sylveon|331\/394|[from] item: Leftovers","|upkeep","|turn|11","|","|switch|p1a: Excadrill|Excadrill, M|284\/361","|-ability|p1a: Excadrill|Mold Breaker","|move|p2a: Sylveon|Wish|p2a: Sylveon","|","|-heal|p2a: Sylveon|355\/394|[from] item: Leftovers","|upkeep","|turn|12","|j| SfizidiCalabria","|","|switch|p2a: Corviknight|Corviknight, F|400\/400","|-ability|p2a: Corviknight|Pressure","|move|p1a: Excadrill|Stealth Rock|p2a: Corviknight","|-sidestart25778|move: Stealth Rock","|","|upkeep","|turn|13","|","|switch|p1a: Toxtricity|Toxtricity-Low-Key, M|230\/291","|move|p2a: Corviknight|Defog|p1a: Toxtricity","|-unboost|p1a: Toxtricity|evasion|1","|-sideend25778|Stealth Rock|[from] move: Defog|[of] p2a: Corviknight","|","|upkeep","|turn|14","|j| pais","|","|switch|p2a: Sylveon|Sylveon, F|355\/394","|move|p1a: Toxtricity|Volt Switch|p2a: Sylveon","|-damage|p2a: Sylveon|255\/394","|","|switch|p1a: Dragapult|Dragapult, F|317\/317","|","|-heal|p2a: Sylveon|279\/394|[from] item: Leftovers","|upkeep","|turn|15","|","|switch|p1a: Toxtricity|Toxtricity-Low-Key, M|230\/291","|move|p2a: Sylveon|Wish|p2a: Sylveon","|","|-heal|p2a: Sylveon|303\/394|[from] item: Leftovers","|upkeep","|turn|16","|","|move|p2a: Sylveon|Protect|p2a: Sylveon","|-singleturn|p2a: Sylveon|Protect","|move|p1a: Toxtricity|Boomburst|p2a: Sylveon","|-activate|p2a: Sylveon|move: Protect","|","|-heal|p2a: Sylveon|394\/394|[from] move: Wish|[wisher] Sylveon","|upkeep","|turn|17","|","|move|p1a: Toxtricity|Boomburst|p2a: Sylveon","|-crit|p2a: Sylveon","|-damage|p2a: Sylveon|141\/394","|move|p2a: Sylveon|Wish|p2a: Sylveon","|","|-heal|p2a: Sylveon|165\/394|[from] item: Leftovers","|upkeep","|turn|18","|","|move|p2a: Sylveon|Protect|p2a: Sylveon","|-singleturn|p2a: Sylveon|Protect","|move|p1a: Toxtricity|Boomburst|p2a: Sylveon","|-activate|p2a: Sylveon|move: Protect","|","|-heal|p2a: Sylveon|362\/394|[from] move: Wish|[wisher] Sylveon","|-heal|p2a: Sylveon|386\/394|[from] item: Leftovers","|upkeep","|turn|19","|","|move|p1a: Toxtricity|Boomburst|p2a: Sylveon","|-damage|p2a: Sylveon|210\/394","|move|p2a: Sylveon|Wish|p2a: Sylveon","|","|-heal|p2a: Sylveon|234\/394|[from] item: Leftovers","|upkeep","|turn|20","|","|move|p1a: Toxtricity|Boomburst|p2a: Sylveon","|-damage|p2a: Sylveon|42\/394","|move|p2a: Sylveon|Hyper Voice|p1a: Toxtricity","|-resisted|p1a: Toxtricity","|-damage|p1a: Toxtricity|186\/291","|","|-heal|p2a: Sylveon|239\/394|[from] move: Wish|[wisher] Sylveon","|-heal|p2a: Sylveon|263\/394|[from] item: Leftovers","|upkeep","|turn|21","|","|move|p2a: Sylveon|Protect|p2a: Sylveon","|-singleturn|p2a: Sylveon|Protect","|move|p1a: Toxtricity|Boomburst|p2a: Sylveon","|-activate|p2a: Sylveon|move: Protect","|","|-heal|p2a: Sylveon|287\/394|[from] item: Leftovers","|upkeep","|turn|22","|","|move|p1a: Toxtricity|Boomburst|p2a: Sylveon","|-damage|p2a: Sylveon|99\/394","|move|p2a: Sylveon|Wish|p2a: Sylveon","|","|-heal|p2a: Sylveon|123\/394|[from] item: Leftovers","|upkeep","|turn|23","|j|@Aethernum","|","|switch|p1a: Rotom|Rotom-Heat|241\/241","|move|p2a: Sylveon|Protect||[still]","|-fail|p2a: Sylveon","|","|-heal|p2a: Sylveon|320\/394|[from] move: Wish|[wisher] Sylveon","|-heal|p2a: Sylveon|344\/394|[from] item: Leftovers","|upkeep","|turn|24","|","|switch|p2a: Rotom|Rotom-Heat|301\/301","|move|p1a: Rotom|Thunderbolt|p2a: Rotom","|-resisted|p2a: Rotom","|-crit|p2a: Rotom","|-damage|p2a: Rotom|220\/301","|","|upkeep","|turn|25","|","|move|p1a: Rotom|Volt Switch|p2a: Rotom","|-resisted|p2a: Rotom","|-damage|p2a: Rotom|178\/301","|","|switch|p1a: Excadrill|Excadrill, M|284\/361","|-ability|p1a: Excadrill|Mold Breaker","|move|p2a: Rotom|Volt Switch|p1a: Excadrill","|-immune|p1a: Excadrill","|","|upkeep","|turn|26","|","|switch|p1a: Rotom|Rotom-Heat|241\/241","|switch|p2a: Corviknight|Corviknight, F|400\/400","|-ability|p2a: Corviknight|Pressure","|","|upkeep","|turn|27","|","|switch|p2a: Sylveon|Sylveon, F|344\/394","|move|p1a: Rotom|Overheat|p2a: Sylveon","|-damage|p2a: Sylveon|214\/394","|-unboost|p1a: Rotom|spa|2","|","|-heal|p2a: Sylveon|238\/394|[from] item: Leftovers","|upkeep","|turn|28","|l| AltCauseImInsecure","|","|move|p1a: Rotom|Volt Switch|p2a: Sylveon","|-damage|p2a: Sylveon|208\/394","|","|switch|p1a: Excadrill|Excadrill, M|284\/361","|-ability|p1a: Excadrill|Mold Breaker","|move|p2a: Sylveon|Wish|p2a: Sylveon","|","|-heal|p2a: Sylveon|232\/394|[from] item: Leftovers","|upkeep","|turn|29","|","|move|p2a: Sylveon|Protect|p2a: Sylveon","|-singleturn|p2a: Sylveon|Protect","|move|p1a: Excadrill|Stealth Rock|p2a: Sylveon","|-sidestart25778|move: Stealth Rock","|","|-heal|p2a: Sylveon|394\/394|[from] move: Wish|[wisher] Sylveon","|upkeep","|turn|30","|","|switch|p1a: Dragapult|Dragapult, F|317\/317","|switch|p2a: Dugtrio|Dugtrio, M|211\/211","|-damage|p2a: Dugtrio|198\/211|[from] Stealth Rock","|","|upkeep","|turn|31","|","|move|p2a: Dugtrio|Sucker Punch||[still]","|-fail|p2a: Dugtrio","|move|p1a: Dragapult|Substitute|p1a: Dragapult","|-start|p1a: Dragapult|Substitute","|-damage|p1a: Dragapult|238\/317","|","|-heal|p1a: Dragapult|257\/317|[from] item: Leftovers","|upkeep","|turn|32","|","|switch|p2a: Sylveon|Sylveon, F|394\/394","|-damage|p2a: Sylveon|345\/394|[from] Stealth Rock","|move|p1a: Dragapult|Dragon Dance|p1a: Dragapult","|-boost|p1a: Dragapult|atk|1","|-boost|p1a: Dragapult|spe|1","|","|-heal|p1a: Dragapult|276\/317|[from] item: Leftovers","|-heal|p2a: Sylveon|369\/394|[from] item: Leftovers","|upkeep","|turn|33","|","|move|p1a: Dragapult|Phantom Force||[still]","|-prepare|p1a: Dragapult|Phantom Force|p2a: Sylveon","|move|p2a: Sylveon|Hyper Voice|p1a: Dragapult|[miss]","|-miss|p2a: Sylveon|p1a: Dragapult","|","|-heal|p1a: Dragapult|295\/317|[from] item: Leftovers","|-heal|p2a: Sylveon|393\/394|[from] item: Leftovers","|upkeep","|turn|34","|","|move|p1a: Dragapult|Phantom Force|p2a: Sylveon|[from]lockedmove","|-damage|p2a: Sylveon|63\/394","|move|p2a: Sylveon|Hyper Voice|p1a: Dragapult","|-supereffective|p1a: Dragapult","|-damage|p1a: Dragapult|0 fnt","|faint|p1a: Dragapult","|","|-heal|p2a: Sylveon|87\/394|[from] item: Leftovers","|upkeep","|","|switch|p1a: Toxtricity|Toxtricity-Low-Key, M|186\/291","|turn|35","|","|move|p2a: Sylveon|Protect|p2a: Sylveon","|-singleturn|p2a: Sylveon|Protect","|move|p1a: Toxtricity|Boomburst|p2a: Sylveon","|-activate|p2a: Sylveon|move: Protect","|","|-heal|p2a: Sylveon|111\/394|[from] item: Leftovers","|upkeep","|turn|36","|","|switch|p2a: Corviknight|Corviknight, F|400\/400","|-damage|p2a: Corviknight|350\/400|[from] Stealth Rock","|-ability|p2a: Corviknight|Pressure","|move|p1a: Toxtricity|Boomburst|p2a: Corviknight","|-resisted|p2a: Corviknight","|-damage|p2a: Corviknight|197\/400","|","|-heal|p2a: Corviknight|222\/400|[from] item: Leftovers","|upkeep","|turn|37","|","|move|p1a: Toxtricity|Boomburst|p2a: Corviknight","|-resisted|p2a: Corviknight","|-damage|p2a: Corviknight|78\/400","|move|p2a: Corviknight|Defog|p1a: Toxtricity","|-unboost|p1a: Toxtricity|evasion|1","|-sideend25778|Stealth Rock|[from] move: Defog|[of] p2a: Corviknight","|","|-heal|p2a: Corviknight|103\/400|[from] item: Leftovers","|upkeep","|turn|38","|","|switch|p2a: Sylveon|Sylveon, F|111\/394","|move|p1a: Toxtricity|Boomburst|p2a: Sylveon","|-damage|p2a: Sylveon|0 fnt","|faint|p2a: Sylveon","|","|upkeep","|","|switch|p2a: Dugtrio|Dugtrio, M|198\/211","|turn|39","|","|move|p2a: Dugtrio|Earthquake|p1a: Toxtricity","|-supereffective|p1a: Toxtricity","|-damage|p1a: Toxtricity|0 fnt","|faint|p1a: Toxtricity","|","|upkeep","|","|switch|p1a: Rotom|Rotom-Heat|241\/241","|turn|40","|","|switch|p2a: Toxapex|Toxapex, F|304\/304","|move|p1a: Rotom|Volt Switch|p2a: Toxapex","|-supereffective|p2a: Toxapex","|-damage|p2a: Toxapex|158\/304","|","|switch|p1a: Excadrill|Excadrill, M|284\/361","|-ability|p1a: Excadrill|Mold Breaker","|","|-heal|p2a: Toxapex|177\/304|[from] item: Black Sludge","|upkeep","|turn|41","|","|switch|p1a: Rotom|Rotom-Heat|241\/241","|switch|p2a: Corviknight|Corviknight, F|103\/400","|-ability|p2a: Corviknight|Pressure","|","|-heal|p2a: Corviknight|128\/400|[from] item: Leftovers","|upkeep","|turn|42","|","|switch|p2a: Dugtrio|Dugtrio, M|198\/211","|move|p1a: Rotom|Will-O-Wisp|p2a: Dugtrio","|-status|p2a: Dugtrio|brn","|","|-damage|p2a: Dugtrio|185\/211 brn|[from] brn","|upkeep","|turn|43","|","|move|p2a: Dugtrio|Stealth Rock|p1a: Rotom","|-sidestart22700|move: Stealth Rock","|move|p1a: Rotom|Overheat|p2a: Dugtrio","|-damage|p2a: Dugtrio|0 fnt","|-unboost|p1a: Rotom|spa|2","|faint|p2a: Dugtrio","|","|upkeep","|","|switch|p2a: Toxapex|Toxapex, F|278\/304","|turn|44","|","|move|p1a: Rotom|Volt Switch|p2a: Toxapex","|-supereffective|p2a: Toxapex","|-damage|p2a: Toxapex|192\/304","|","|switch|p1a: Excadrill|Excadrill, M|284\/361","|-damage|p1a: Excadrill|273\/361|[from] Stealth Rock","|-ability|p1a: Excadrill|Mold Breaker","|move|p2a: Toxapex|Toxic|p1a: Excadrill","|-immune|p1a: Excadrill","|","|-heal|p2a: Toxapex|211\/304|[from] item: Black Sludge","|upkeep","|turn|45","|","|switch|p2a: Corviknight|Corviknight, F|128\/400","|-ability|p2a: Corviknight|Pressure","|move|p1a: Excadrill|Rapid Spin|p2a: Corviknight","|-resisted|p2a: Corviknight","|-damage|p2a: Corviknight|102\/400","|-sideend22700|Stealth Rock|[from] move: Rapid Spin|[of] p1a: Excadrill","|-boost|p1a: Excadrill|spe|1","|","|-heal|p2a: Corviknight|127\/400|[from] item: Leftovers","|upkeep","|turn|46","|","|move|p1a: Excadrill|Iron Head|p2a: Corviknight","|-resisted|p2a: Corviknight","|-damage|p2a: Corviknight|64\/400","|move|p2a: Corviknight|Roost|p2a: Corviknight","|-heal|p2a: Corviknight|264\/400","|-singleturn|p2a: Corviknight|move: Roost","|","|-heal|p2a: Corviknight|289\/400|[from] item: Leftovers","|upkeep","|turn|47","|","|move|p1a: Excadrill|Earthquake|p2a: Corviknight","|-immune|p2a: Corviknight","|move|p2a: Corviknight|Brave Bird|p1a: Excadrill","|-resisted|p1a: Excadrill","|-damage|p1a: Excadrill|176\/361","|-damage|p2a: Corviknight|257\/400|[from] Recoil","|","|-heal|p2a: Corviknight|282\/400|[from] item: Leftovers","|upkeep","|turn|48","|","|switch|p1a: Rotom|Rotom-Heat|241\/241","|move|p2a: Corviknight|Brave Bird|p1a: Rotom","|-resisted|p1a: Rotom","|-crit|p1a: Rotom","|-damage|p1a: Rotom|145\/241","|-damage|p2a: Corviknight|250\/400|[from] Recoil","|","|-heal|p2a: Corviknight|275\/400|[from] item: Leftovers","|upkeep","|turn|49","|","|switch|p2a: Rotom|Rotom-Heat|178\/301","|move|p1a: Rotom|Thunderbolt|p2a: Rotom","|-resisted|p2a: Rotom","|-damage|p2a: Rotom|124\/301","|","|upkeep","|turn|50","|","|move|p1a: Rotom|Volt Switch|p2a: Rotom","|-resisted|p2a: Rotom","|-damage|p2a: Rotom|80\/301","|","|switch|p1a: Corsola|Corsola-Galar, M|324\/324","|move|p2a: Rotom|Overheat|p1a: Corsola","|-crit|p1a: Corsola","|-damage|p1a: Corsola|173\/324","|-unboost|p2a: Rotom|spa|2","|","|upkeep","|turn|51","|","|move|p2a: Rotom|Volt Switch|p1a: Corsola","|-damage|p1a: Corsola|148\/324","|","|switch|p2a: Toxapex|Toxapex, F|304\/304","|move|p1a: Corsola|Night Shade|p2a: Toxapex","|-damage|p2a: Toxapex|204\/304","|","|-heal|p2a: Toxapex|223\/304|[from] item: Black Sludge","|upkeep","|turn|52","|","|switch|p1a: Rotom|Rotom-Heat|145\/241","|move|p2a: Toxapex|Scald|p1a: Rotom","|-supereffective|p1a: Rotom","|-crit|p1a: Rotom","|-damage|p1a: Rotom|0 fnt","|faint|p1a: Rotom","|","|-heal|p2a: Toxapex|242\/304|[from] item: Black Sludge","|upkeep","|","|switch|p1a: Corsola|Corsola-Galar, M|148\/324","|turn|53","|","|move|p2a: Toxapex|Toxic|p1a: Corsola","|-status|p1a: Corsola|tox","|move|p1a: Corsola|Strength Sap|p2a: Toxapex","|-unboost|p2a: Toxapex|atk|1","|-heal|p1a: Corsola|265\/324 tox","|","|-heal|p2a: Toxapex|261\/304|[from] item: Black Sludge","|-damage|p1a: Corsola|245\/324 tox|[from] psn","|upkeep","|turn|54","|","|switch|p1a: Excadrill|Excadrill, M|176\/361","|-ability|p1a: Excadrill|Mold Breaker","|move|p2a: Toxapex|Scald|p1a: Excadrill","|-supereffective|p1a: Excadrill","|-damage|p1a: Excadrill|18\/361","|","|-heal|p2a: Toxapex|280\/304|[from] item: Black Sludge","|upkeep","|turn|55","|","|switch|p2a: Corviknight|Corviknight, F|275\/400","|-ability|p2a: Corviknight|Pressure","|move|p1a: Excadrill|Earthquake|p2a: Corviknight","|-immune|p2a: Corviknight","|","|-heal|p2a: Corviknight|300\/400|[from] item: Leftovers","|upkeep","|turn|56","|-message|22700 forfeited.","|","|win|25778","|l|\u260622700","|raw|22700's rating: 1259 &rarr; <strong>1240<\/strong><br \/>(-19 for losing)","|raw|25778's rating: 1342 &rarr; <strong>1357<\/strong><br \/>(+15 for winning)",""],"p1":"22700","p1rating":1259,"p1team":[{"ability":"infiltrator","evs":{"atk":252,"def":0,"hp":0,"spa":0,"spd":4,"spe":252},"happiness":160,"item":"leftovers","ivs":{"atk":31,"def":31,"hp":31,"spa":31,"spd":31,"spe":31},"level":100,"moves":["substitute","dragondarts","dragondance","phantomforce"],"name":"Dragapult","nature":"Adamant","species":"Dragapult"},{"ability":"limber","evs":{"atk":252,"def":0,"hp":252,"spa":0,"spd":4,"spe":0},"happiness":160,"item":"lumberry","ivs":{"atk":31,"def":31,"hp":31,"spa":31,"spd":31,"spe":31},"level":100,"moves":["closecombat","waterfall","octolock","suckerpunch"],"name":"Grapploct","nature":"Adamant","species":"Grapploct"},{"ability":"levitate","evs":{"atk":0,"def":0,"hp":0,"spa":252,"spd":4,"spe":252},"gender":"N","happiness":160,"item":"heavydutyboots","ivs":{"atk":0,"def":31,"hp":31,"spa":31,"spd":31,"spe":31},"level":100,"moves":["overheat","willowisp","voltswitch","thunderbolt"],"name":"Rotom","nature":"Timid","species":"rotomheat"},{"ability":"punkrock","evs":{"atk":0,"def":0,"hp":0,"spa":252,"spd":4,"spe":252},"happiness":160,"item":"choicespecs","ivs":{"atk":0,"def":31,"hp":31,"spa":31,"spd":31,"spe":31},"level":100,"moves":["overdrive","boomburst","voltswitch","sludgewave"],"name":"Toxtricity","nature":"Timid","species":"toxtricitylowkey"},{"ability":"moldbreaker","evs":{"atk":252,"def":0,"hp":0,"spa":0,"spd":4,"spe":252},"happiness":160,"item":"focussash","ivs":{"atk":31,"def":31,"hp":31,"spa":31,"spd":31,"spe":31},"level":100,"moves":["earthquake","ironhead","stealthrock","rapidspin"],"name":"Excadrill","nature":"Jolly","species":"Excadrill"},{"ability":"cursedbody","evs":{"atk":0,"def":184,"hp":252,"spa":0,"spd":72,"spe":0},"happiness":160,"item":"eviolite","ivs":{"atk":0,"def":31,"hp":31,"spa":31,"spd":31,"spe":31},"level":100,"moves":["haze","willowisp","nightshade","strengthsap"],"name":"Corsola","nature":"Bold","species":"corsolagalar"}],"p2":"25778","p2rating":1320,"p2team":[{"ability":"pixilate","evs":{"atk":0,"def":0,"hp":252,"spa":4,"spd":252,"spe":0},"happiness":160,"item":"leftovers","ivs":{"atk":0,"def":31,"hp":31,"spa":31,"spd":31,"spe":31},"level":100,"moves":["hypervoice","calmmind","wish","protect"],"name":"Sylveon","nature":"Calm","species":"Sylveon"},{"ability":"pressure","evs":{"atk":0,"def":112,"hp":252,"spa":0,"spd":56,"spe":88},"happiness":160,"item":"leftovers","ivs":{"atk":31,"def":31,"hp":31,"spa":31,"spd":31,"spe":31},"level":100,"moves":["bravebird","ironhead","roost","defog"],"name":"Corviknight","nature":"Careful","species":"Corviknight"},{"ability":"arenatrap","evs":{"atk":252,"def":0,"hp":0,"spa":0,"spd":4,"spe":252},"happiness":160,"item":"choiceband","ivs":{"atk":31,"def":31,"hp":31,"spa":31,"spd":31,"spe":31},"level":100,"moves":["earthquake","stoneedge","suckerpunch","stealthrock"],"name":"Dugtrio","nature":"Jolly","species":"Dugtrio"},{"ability":"levitate","evs":{"atk":0,"def":112,"hp":240,"spa":0,"spd":156,"spe":0},"gender":"N","happiness":160,"item":"heavydutyboots","ivs":{"atk":0,"def":31,"hp":31,"spa":31,"spd":31,"spe":31},"level":100,"moves":["overheat","voltswitch","nastyplot","willowisp"],"name":"Rotom","nature":"Bold","species":"rotomheat"},{"ability":"bulletproof","evs":{"atk":0,"def":252,"hp":192,"spa":0,"spd":0,"spe":64},"happiness":160,"item":"leftovers","ivs":{"atk":31,"def":31,"hp":31,"spa":31,"spd":31,"spe":31},"level":100,"moves":["bodypress","stealthrock","earthquake","bulkup"],"name":"Kommo-o","nature":"Impish","species":"Kommo-o"},{"ability":"regenerator","evs":{"atk":0,"def":252,"hp":252,"spa":0,"spd":4,"spe":0},"happiness":160,"item":"blacksludge","ivs":{"atk":0,"def":31,"hp":31,"spa":31,"spd":31,"spe":31},"level":100,"moves":["scald","toxic","banefulbunker","recover"],"name":"Toxapex","nature":"Bold","species":"Toxapex"}],"roomid":101164,"score":[2,3],"seed":[51287,407,53632,42980],"timestamp":"Mon Dec 30 2019 11:XX","turns":56,"winner":"25778","rated_battle":true,"average_rating":1289}