{"endType":"forfeit","format":"gen8ou","inputLog":[">version aa9f8c6b9cf4eca780a1296832ecd3b0009641e0",">version-origin 5e8529faaa5905c5f8e15eafaaefa806ee8c7d06",">start {\"formatid\":\"gen8ou\",\"seed\":[13104,694,14854,57152],\"rated\":\"Rated battle\"}",">player p1 {\"\"name\":\"9087\",\"rating\":1425}",">player p2 {\"\"name\":\"5132\",\"rating\":1437}",">p1 team 6, 2, 3, 4, 5, 1",">p2 team 6, 2, 3, 4, 5, 1",">p1 switch 4",">p2 move dracometeor",">p1 move thunderwave",">p2 switch 6",">p1 move wish",">p2 move voltswitch",">p2 switch 2",">p1 switch 4",">p2 switch 2",">p1 switch 3",">p2 move voltswitch",">p2 switch 6",">p1 switch 4",">p2 switch 3",">p1 switch 2",">p2 move spikes",">p1 move defog",">p2 switch 6",">p1 switch 2",">p2 move voltswitch",">p2 switch 6",">p1 move protect",">p2 move spikes",">p1 switch 2",">p2 switch 6",">p1 switch 2",">p2 move voltswitch",">p2 switch 3",">p1 move moonblast",">p2 move uturn",">p2 switch 3",">p1 move protect",">p2 move nastyplot",">p1 switch 4",">p2 move shadowball",">p1 move dracometeor",">p2 switch 5",">p2 switch 3",">p1 switch 4",">p2 move shadowball",">p1 move wish",">p2 switch 5",">p1 switch 4",">p2 move voltswitch",">p2 switch 4",">p1 move uturn",">p2 move playrough",">p1 switch 2",">p1 move uturn",">p2 switch 4",">p1 switch 2"],"log":["|j|\u26069087","|j|\u26065132","|player|p1|9087|n|1425","|player|p2|5132|fisherman|1437","|teamsize|p1|6","|teamsize|p2|6","|gametype|singles","|gen|8","|tier|[Gen 8] OU","|rated|","|rule|Sleep Clause Mod: Limit one foe put to sleep","|rule|Species Clause: Limit one of each Pok\u00e9mon","|rule|OHKO Clause: OHKO moves are banned","|rule|Evasion Moves Clause: Evasion moves are banned","|rule|Endless Battle Clause: Forcing endless battles is banned","|rule|HP Percentage Mod: HP is shown in percentages","|clearpoke","|poke|p1|Toxapex, M|","|poke|p1|Corviknight, M|","|poke|p1|Hydreigon, F|","|poke|p1|Clefable, F|","|poke|p1|Toxtricity, F|","|poke|p1|Conkeldurr, F|","|poke|p2|Rotom-Heat|","|poke|p2|Seismitoad, F|","|poke|p2|Ferrothorn, M|","|poke|p2|Mimikyu, M|","|poke|p2|Conkeldurr, F|","|poke|p2|Dragapult, F|","|rule|Dynamax Clause: You cannot dynamax","|teampreview","|","|start","|switch|p1a: Conkeldurr|Conkeldurr, F, shiny|352\/352","|switch|p2a: Dragapult|Dragapult, F|317\/317","|turn|1","|","|switch|p1a: Clefable|Clefable, F, shiny|394\/394","|move|p2a: Dragapult|Draco Meteor|p1a: Clefable","|-immune|p1a: Clefable","|","|upkeep","|turn|2","|","|switch|p2a: Rotom|Rotom-Heat|304\/304","|move|p1a: Clefable|Thunder Wave|p2a: Rotom","|-immune|p2a: Rotom","|","|upkeep","|turn|3","|","|move|p2a: Rotom|Volt Switch|p1a: Clefable","|-damage|p1a: Clefable|324\/394","|","|switch|p2a: Seismitoad|Seismitoad, F|414\/414","|move|p1a: Clefable|Wish|p1a: Clefable","|","|-heal|p1a: Clefable|348\/394|[from] item: Leftovers","|upkeep","|turn|4","|","|switch|p2a: Rotom|Rotom-Heat|304\/304","|switch|p1a: Conkeldurr|Conkeldurr, F, shiny|352\/352","|","|-status|p1a: Conkeldurr|brn|[from] item: Flame Orb","|upkeep","|turn|5","|","|switch|p1a: Hydreigon|Hydreigon, F, shiny|326\/326","|move|p2a: Rotom|Volt Switch|p1a: Hydreigon","|-resisted|p1a: Hydreigon","|-damage|p1a: Hydreigon|279\/326","|","|switch|p2a: Dragapult|Dragapult, F|317\/317","|","|upkeep","|turn|6","|","|switch|p1a: Clefable|Clefable, F, shiny|348\/394","|switch|p2a: Ferrothorn|Ferrothorn, M|352\/352","|","|-heal|p1a: Clefable|372\/394|[from] item: Leftovers","|upkeep","|turn|7","|","|switch|p1a: Corviknight|Corviknight, M|400\/400","|-ability|p1a: Corviknight|Pressure","|move|p2a: Ferrothorn|Spikes|p1a: Corviknight","|-sidestart9087|Spikes","|","|upkeep","|turn|8","|","|switch|p2a: Rotom|Rotom-Heat|304\/304","|move|p1a: Corviknight|Defog|p2a: Rotom","|-unboost|p2a: Rotom|evasion|1","|-sideend9087|Spikes|[from] move: Defog|[of] p1a: Corviknight","|","|upkeep","|turn|9","|","|switch|p1a: Clefable|Clefable, F, shiny|372\/394","|move|p2a: Rotom|Volt Switch|p1a: Clefable","|-damage|p1a: Clefable|308\/394","|","|switch|p2a: Ferrothorn|Ferrothorn, M|352\/352","|","|-heal|p1a: Clefable|332\/394|[from] item: Leftovers","|upkeep","|turn|10","|","|move|p1a: Clefable|Protect|p1a: Clefable","|-singleturn|p1a: Clefable|Protect","|move|p2a: Ferrothorn|Spikes|p1a: Clefable","|-sidestart9087|Spikes","|","|-heal|p1a: Clefable|356\/394|[from] item: Leftovers","|upkeep","|turn|11","|","|switch|p1a: Corviknight|Corviknight, M|400\/400","|-ability|p1a: Corviknight|Pressure","|switch|p2a: Rotom|Rotom-Heat|304\/304","|","|upkeep","|turn|12","|","|switch|p1a: Clefable|Clefable, F, shiny|356\/394","|move|p2a: Rotom|Volt Switch|p1a: Clefable","|-damage|p1a: Clefable|290\/394","|","|switch|p2a: Dragapult|Dragapult, F|317\/317","|","|-heal|p1a: Clefable|314\/394|[from] item: Leftovers","|upkeep","|turn|13","|","|move|p2a: Dragapult|U-turn|p1a: Clefable","|-resisted|p1a: Clefable","|-damage|p1a: Clefable|276\/394","|","|switch|p2a: Rotom|Rotom-Heat|304\/304","|move|p1a: Clefable|Moonblast|p2a: Rotom","|-resisted|p2a: Rotom","|-damage|p2a: Rotom|251\/304","|","|-heal|p1a: Clefable|300\/394|[from] item: Leftovers","|upkeep","|turn|14","|","|move|p1a: Clefable|Protect|p1a: Clefable","|-singleturn|p1a: Clefable|Protect","|move|p2a: Rotom|Nasty Plot|p2a: Rotom","|-boost|p2a: Rotom|spa|2","|","|-heal|p1a: Clefable|324\/394|[from] item: Leftovers","|upkeep","|turn|15","|","|switch|p1a: Hydreigon|Hydreigon, F, shiny|279\/326","|move|p2a: Rotom|Shadow Ball|p1a: Hydreigon","|-resisted|p1a: Hydreigon","|-damage|p1a: Hydreigon|202\/326","|","|upkeep","|turn|16","|","|switch|p2a: Conkeldurr|Conkeldurr, F|410\/410","|move|p1a: Hydreigon|Draco Meteor|p2a: Conkeldurr","|-crit|p2a: Conkeldurr","|-damage|p2a: Conkeldurr|0 fnt","|-unboost|p1a: Hydreigon|spa|2","|faint|p2a: Conkeldurr","|","|upkeep","|","|switch|p2a: Dragapult|Dragapult, F|317\/317","|turn|17","|","|switch|p1a: Clefable|Clefable, F, shiny|324\/394","|move|p2a: Dragapult|Shadow Ball|p1a: Clefable","|-damage|p1a: Clefable|176\/394","|","|-heal|p1a: Clefable|200\/394|[from] item: Leftovers","|upkeep","|turn|18","|","|switch|p2a: Rotom|Rotom-Heat|251\/304","|move|p1a: Clefable|Wish|p1a: Clefable","|","|-heal|p1a: Clefable|224\/394|[from] item: Leftovers","|upkeep","|turn|19","|","|switch|p1a: Hydreigon|Hydreigon, F, shiny|202\/326","|move|p2a: Rotom|Volt Switch|p1a: Hydreigon","|-resisted|p1a: Hydreigon","|-damage|p1a: Hydreigon|151\/326","|","|switch|p2a: Mimikyu|Mimikyu, M|251\/251","|","|-heal|p1a: Hydreigon|326\/326|[from] move: Wish|[wisher] Clefable","|upkeep","|turn|20","|","|move|p1a: Hydreigon|U-turn|p2a: Mimikyu","|-activate|p2a: Mimikyu|ability: Disguise","|-damage|p2a: Mimikyu|251\/251","|detailschange|p2a: Mimikyu|Mimikyu-Busted, M","|-damage|p2a: Mimikyu|220\/251|[from] ability: Disguise|[of] p2a: Mimikyu","|","|switch|p1a: Corviknight|Corviknight, M|400\/400","|-ability|p1a: Corviknight|Pressure","|move|p2a: Mimikyu|Play Rough|p1a: Corviknight","|-resisted|p1a: Corviknight","|-damage|p1a: Corviknight|322\/400","|-damage|p2a: Mimikyu|195\/251|[from] item: Life Orb","|","|-heal|p1a: Corviknight|347\/400|[from] item: Leftovers","|upkeep","|turn|21","|","|switch|p2a: Rotom|Rotom-Heat|251\/304","|move|p1a: Corviknight|U-turn|p2a: Rotom","|-resisted|p2a: Rotom","|-damage|p2a: Rotom|228\/304","|","|switch|p1a: Hydreigon|Hydreigon, F, shiny|326\/326","|","|upkeep","|turn|22","|-message|5132 forfeited.","|","|win|9087","|l|\u26065132","|raw|9087's rating: 1425 &rarr; <strong>1445<\/strong><br \/>(+20 for winning)","|raw|5132's rating: 1437 &rarr; <strong>1417<\/strong><br \/>(-20 for losing)",""],"p1":"9087","p1rating":1425,"p1team":[{"ability":"regenerator","evs":{"atk":0,"def":252,"hp":252,"spa":0,"spd":4,"spe":0},"happiness":160,"item":"blacksludge","ivs":{"atk":0,"def":31,"hp":31,"spa":31,"spd":31,"spe":31},"level":100,"moves":["scald","recover","banefulbunker","haze"],"name":"Toxapex","nature":"Bold","shiny":true,"species":"Toxapex"},{"ability":"pressure","evs":{"atk":0,"def":0,"hp":252,"spa":0,"spd":24,"spe":200},"happiness":160,"item":"leftovers","ivs":{"atk":31,"def":31,"hp":31,"spa":31,"spd":31,"spe":31},"level":100,"moves":["ironhead","uturn","roost","defog"],"name":"Corviknight","nature":"Careful","species":"Corviknight"},{"ability":"levitate","evs":{"atk":0,"def":0,"hp":4,"spa":252,"spd":0,"spe":252},"happiness":160,"item":"choicescarf","ivs":{"atk":31,"def":31,"hp":31,"spa":31,"spd":31,"spe":31},"level":100,"moves":["dracometeor","fireblast","uturn","darkpulse"],"name":"Hydreigon","nature":"Timid","shiny":true,"species":"Hydreigon"},{"ability":"magicguard","evs":{"atk":0,"def":4,"hp":252,"spa":0,"spd":252,"spe":0},"happiness":160,"item":"leftovers","ivs":{"atk":0,"def":31,"hp":31,"spa":31,"spd":31,"spe":31},"level":100,"moves":["wish","protect","moonblast","thunderwave"],"name":"Clefable","nature":"Calm","shiny":true,"species":"Clefable"},{"ability":"punkrock","evs":{"atk":0,"def":0,"hp":0,"spa":252,"spd":4,"spe":252},"happiness":160,"item":"choicespecs","ivs":{"atk":0,"def":31,"hp":31,"spa":31,"spd":31,"spe":31},"level":100,"moves":["boomburst","voltswitch","overdrive","snarl"],"name":"Toxtricity","nature":"Timid","species":"Toxtricity"},{"ability":"guts","evs":{"atk":252,"def":0,"hp":4,"spa":0,"spd":0,"spe":252},"happiness":160,"item":"flameorb","ivs":{"atk":31,"def":31,"hp":31,"spa":31,"spd":31,"spe":31},"level":100,"moves":["closecombat","drainpunch","machpunch","earthquake"],"name":"Conkeldurr","nature":"Adamant","shiny":true,"species":"Conkeldurr"}],"p2":"5132","p2rating":1437,"p2team":[{"ability":"levitate","evs":{"atk":0,"def":0,"hp":252,"spa":40,"spd":0,"spe":216},"gender":"N","happiness":160,"item":"heavydutyboots","ivs":{"atk":0,"def":31,"hp":31,"spa":31,"spd":31,"spe":31},"level":100,"moves":["nastyplot","voltswitch","overheat","shadowball"],"name":"Rotom","nature":"Timid","species":"rotomheat"},{"ability":"waterabsorb","evs":{"atk":0,"def":252,"hp":252,"spa":0,"spd":4,"spe":0},"happiness":160,"item":"leftovers","ivs":{"atk":31,"def":31,"hp":31,"spa":31,"spd":31,"spe":31},"level":100,"moves":["scald","earthquake","toxic","stealthrock"],"name":"Seismitoad","nature":"Relaxed","species":"Seismitoad"},{"ability":"ironbarbs","evs":{"atk":4,"def":252,"hp":252,"spa":0,"spd":0,"spe":0},"happiness":160,"item":"leftovers","ivs":{"atk":31,"def":31,"hp":31,"spa":31,"spd":31,"spe":31},"level":100,"moves":["spikes","leechseed","protect","bodypress"],"name":"Ferrothorn","nature":"Impish","species":"Ferrothorn"},{"ability":"disguise","evs":{"atk":252,"def":4,"hp":0,"spa":0,"spd":0,"spe":252},"happiness":160,"item":"lifeorb","ivs":{"atk":31,"def":31,"hp":31,"spa":31,"spd":31,"spe":31},"level":100,"moves":["swordsdance","playrough","shadowclaw","shadowsneak"],"name":"Mimikyu","nature":"Jolly","species":"Mimikyu"},{"ability":"guts","evs":{"atk":252,"def":0,"hp":236,"spa":0,"spd":0,"spe":20},"happiness":160,"item":"flameorb","ivs":{"atk":31,"def":31,"hp":31,"spa":31,"spd":31,"spe":31},"level":100,"moves":["drainpunch","machpunch","earthquake","thunderpunch"],"name":"Conkeldurr","nature":"Adamant","species":"Conkeldurr"},{"ability":"infiltrator","evs":{"atk":0,"def":0,"hp":0,"spa":252,"spd":4,"spe":252},"happiness":160,"item":"choicespecs","ivs":{"atk":31,"def":31,"hp":31,"spa":31,"spd":31,"spe":31},"level":100,"moves":["dracometeor","shadowball","fireblast","uturn"],"name":"Dragapult","nature":"Timid","species":"Dragapult"}],"roomid":1023920,"score":[6,5],"seed":[13104,694,14854,57152],"timestamp":"Sat Dec 28 2019 14:XX","turns":22,"winner":"9087","rated_battle":true,"average_rating":1431}