{"endType":"forfeit","format":"gen8ou","inputLog":[">version aa9f8c6b9cf4eca780a1296832ecd3b0009641e0",">version-origin 5e8529faaa5905c5f8e15eafaaefa806ee8c7d06",">start {\"formatid\":\"gen8ou\",\"seed\":[25663,57006,45118,44061],\"rated\":\"Rated battle\"}",">player p1 {\"\"name\":\"76957\",\"rating\":1261}",">player p2 {\"\"name\":\"44693\",\"rating\":1225}",">p1 team 5, 2, 3, 4, 1, 6",">p2 team 6, 2, 3, 4, 5, 1",">p1 move stealthrock",">p2 move earthquake",">p1 switch 3",">p2 move stealthrock",">p1 move swordsdance",">p2 switch 6",">p1 move darkestlariat",">p2 move bravebird",">p1 move drainpunch",">p2 move bravebird",">p2 switch 3",">p1 move darkestlariat",">p2 move fireblast",">p1 switch 3",">p1 move rapidspin",">p2 switch 6",">p1 switch 5",">p2 move scald",">p1 move closecombat",">p2 move scald",">p1 move swordsdance",">p2 move scald",">p1 move swordsdance",">p2 switch 2",">p1 move acrobatics",">p2 move pyroball"],"log":["|j|\u260676957","|j|\u260644693","|player|p1|76957|274|1261","|player|p2|44693|10|1225","|teamsize|p1|6","|teamsize|p2|6","|gametype|singles","|gen|8","|tier|[Gen 8] OU","|rated|","|rule|Sleep Clause Mod: Limit one foe put to sleep","|rule|Species Clause: Limit one of each Pok\u00e9mon","|rule|OHKO Clause: OHKO moves are banned","|rule|Evasion Moves Clause: Evasion moves are banned","|rule|Endless Battle Clause: Forcing endless battles is banned","|rule|HP Percentage Mod: HP is shown in percentages","|clearpoke","|poke|p1|Hawlucha, M|","|poke|p1|Hydreigon, M|","|poke|p1|Rillaboom, M|","|poke|p1|Toxtricity, M|","|poke|p1|Torkoal, M|","|poke|p1|Centiskorch, M|","|poke|p2|Corviknight, F|","|poke|p2|Cinderace, F|","|poke|p2|Dragapult, M|","|poke|p2|Hatterene, F|","|poke|p2|Gyarados, F|","|poke|p2|Seismitoad, F|","|rule|Dynamax Clause: You cannot dynamax","|teampreview","|","|start","|switch|p1a: Torkoal|Torkoal, M|344\/344","|switch|p2a: Seismitoad|Seismitoad, F|414\/414","|-weather|SunnyDay|[from] ability: Drought|[of] p1a: Torkoal","|turn|1","|","|move|p2a: Seismitoad|Earthquake|p1a: Torkoal","|-supereffective|p1a: Torkoal","|-damage|p1a: Torkoal|224\/344","|move|p1a: Torkoal|Stealth Rock|p2a: Seismitoad","|-sidestart44693|move: Stealth Rock","|","|-weather|SunnyDay|[upkeep]","|-heal|p1a: Torkoal|245\/344|[from] item: Leftovers","|upkeep","|turn|2","|","|switch|p1a: Rillaboom|Rillaboom, M|341\/341","|move|p2a: Seismitoad|Stealth Rock|p1a: Rillaboom","|-sidestart76957|move: Stealth Rock","|","|-weather|SunnyDay|[upkeep]","|upkeep","|turn|3","|","|switch|p2a: Corviknight|Corviknight, F|400\/400","|-damage|p2a: Corviknight|350\/400|[from] Stealth Rock","|-ability|p2a: Corviknight|Pressure","|move|p1a: Rillaboom|Swords Dance|p1a: Rillaboom","|-boost|p1a: Rillaboom|atk|2","|","|-weather|SunnyDay|[upkeep]","|-heal|p2a: Corviknight|375\/400|[from] item: Leftovers","|upkeep","|turn|4","|","|move|p1a: Rillaboom|Darkest Lariat|p2a: Corviknight","|-damage|p2a: Corviknight|183\/400","|move|p2a: Corviknight|Brave Bird|p1a: Rillaboom","|-supereffective|p1a: Rillaboom","|-damage|p1a: Rillaboom|83\/341","|-damage|p2a: Corviknight|98\/400|[from] Recoil","|","|-weather|SunnyDay|[upkeep]","|-heal|p1a: Rillaboom|104\/341|[from] item: Leftovers","|-heal|p2a: Corviknight|123\/400|[from] item: Leftovers","|upkeep","|turn|5","|","|move|p1a: Rillaboom|Drain Punch|p2a: Corviknight","|-damage|p2a: Corviknight|0 fnt","|-heal|p1a: Rillaboom|166\/341|[from] drain|[of] p2a: Corviknight","|faint|p2a: Corviknight","|","|-weather|none","|-heal|p1a: Rillaboom|187\/341|[from] item: Leftovers","|upkeep","|","|switch|p2a: Dragapult|Dragapult, M|317\/317","|-damage|p2a: Dragapult|278\/317|[from] Stealth Rock","|turn|6","|l|\u260676957","|player|p1|","|j|\u260676957","|player|p1|76957|274","|","|move|p2a: Dragapult|Fire Blast|p1a: Rillaboom","|-supereffective|p1a: Rillaboom","|-damage|p1a: Rillaboom|0 fnt","|faint|p1a: Rillaboom","|","|upkeep","|","|switch|p1a: Torkoal|Torkoal, M|245\/344","|-damage|p1a: Torkoal|159\/344|[from] Stealth Rock","|-weather|SunnyDay|[from] ability: Drought|[of] p1a: Torkoal","|turn|7","|","|switch|p2a: Seismitoad|Seismitoad, F|414\/414","|-damage|p2a: Seismitoad|389\/414|[from] Stealth Rock","|move|p1a: Torkoal|Rapid Spin|p2a: Seismitoad","|-damage|p2a: Seismitoad|356\/414","|-sideend76957|Stealth Rock|[from] move: Rapid Spin|[of] p1a: Torkoal","|-boost|p1a: Torkoal|spe|1","|","|-weather|SunnyDay|[upkeep]","|-heal|p2a: Seismitoad|381\/414|[from] item: Leftovers","|-heal|p1a: Torkoal|180\/344|[from] item: Leftovers","|upkeep","|turn|8","|","|switch|p1a: Hawlucha|Hawlucha, M|297\/297","|move|p2a: Seismitoad|Scald|p1a: Hawlucha","|-damage|p1a: Hawlucha|242\/297","|","|-weather|SunnyDay|[upkeep]","|-heal|p2a: Seismitoad|406\/414|[from] item: Leftovers","|upkeep","|turn|9","|","|move|p1a: Hawlucha|Close Combat|p2a: Seismitoad","|-damage|p2a: Seismitoad|208\/414","|-unboost|p1a: Hawlucha|def|1","|-unboost|p1a: Hawlucha|spd|1","|-enditem|p1a: Hawlucha|White Herb","|-clearnegativeboost|p1a: Hawlucha|[silent]","|move|p2a: Seismitoad|Scald|p1a: Hawlucha","|-damage|p1a: Hawlucha|185\/297","|","|-weather|SunnyDay|[upkeep]","|-heal|p2a: Seismitoad|233\/414|[from] item: Leftovers","|upkeep","|turn|10","|","|move|p1a: Hawlucha|Swords Dance|p1a: Hawlucha","|-boost|p1a: Hawlucha|atk|2","|move|p2a: Seismitoad|Scald|p1a: Hawlucha","|-damage|p1a: Hawlucha|130\/297","|-status|p1a: Hawlucha|brn","|","|-weather|SunnyDay|[upkeep]","|-heal|p2a: Seismitoad|258\/414|[from] item: Leftovers","|-damage|p1a: Hawlucha|112\/297 brn|[from] brn","|upkeep","|turn|11","|","|switch|p2a: Cinderace|Cinderace, F|302\/302","|-damage|p2a: Cinderace|227\/302|[from] Stealth Rock","|move|p1a: Hawlucha|Swords Dance|p1a: Hawlucha","|-boost|p1a: Hawlucha|atk|2","|","|-weather|none","|-damage|p1a: Hawlucha|94\/297 brn|[from] brn","|upkeep","|turn|12","|","|move|p1a: Hawlucha|Acrobatics|p2a: Cinderace","|-damage|p2a: Cinderace|0 fnt","|faint|p2a: Cinderace","|","|-damage|p1a: Hawlucha|76\/297 brn|[from] brn","|upkeep","|-message|44693 forfeited.","|","|win|76957","|l|\u260644693","|l|\u260676957","|raw|Lj&amp;TbtoTTT's rating: 1261 &rarr; <strong>1284<\/strong><br \/>(+23 for winning)","|raw|44693's rating: 1225 &rarr; <strong>1203<\/strong><br \/>(-22 for losing)",""],"p1":"76957","p1rating":1261,"p1team":[{"ability":"unburden","evs":{"atk":252,"def":0,"hp":0,"spa":0,"spd":4,"spe":252},"gender":"M","happiness":160,"item":"whiteherb","ivs":{"atk":31,"def":31,"hp":31,"spa":31,"spd":31,"spe":31},"level":100,"moves":["swordsdance","closecombat","acrobatics","firepunch"],"name":"Hawlucha","nature":"Jolly","species":"Hawlucha"},{"ability":"levitate","evs":{"atk":0,"def":0,"hp":0,"spa":252,"spd":4,"spe":252},"gender":"M","happiness":160,"item":"leftovers","ivs":{"atk":0,"def":31,"hp":31,"spa":31,"spd":31,"spe":31},"level":100,"moves":["nastyplot","darkpulse","earthpower","flashcannon"],"name":"Hydreigon","nature":"Timid","species":"Hydreigon"},{"ability":"overgrow","evs":{"atk":252,"def":0,"hp":0,"spa":0,"spd":4,"spe":252},"gender":"M","happiness":160,"item":"leftovers","ivs":{"atk":31,"def":31,"hp":31,"spa":31,"spd":31,"spe":31},"level":100,"moves":["swordsdance","drumbeating","drainpunch","darkestlariat"],"name":"Rillaboom","nature":"Jolly","species":"Rillaboom"},{"ability":"punkrock","evs":{"atk":0,"def":0,"hp":0,"spa":252,"spd":4,"spe":252},"gender":"M","happiness":160,"item":"throatspray","ivs":{"atk":0,"def":31,"hp":31,"spa":31,"spd":31,"spe":31},"level":100,"moves":["shiftgear","boomburst","sludgewave","overdrive"],"name":"Toxtricity","nature":"Modest","species":"Toxtricity"},{"ability":"drought","evs":{"atk":0,"def":116,"hp":252,"spa":0,"spd":140,"spe":0},"gender":"M","happiness":160,"item":"leftovers","ivs":{"atk":0,"def":31,"hp":31,"spa":31,"spd":31,"spe":31},"level":100,"moves":["stealthrock","rapidspin","clearsmog","lavaplume"],"name":"Torkoal","nature":"Relaxed","species":"Torkoal"},{"ability":"flashfire","evs":{"atk":252,"def":0,"hp":248,"spa":0,"spd":8,"spe":0},"gender":"M","happiness":160,"item":"leftovers","ivs":{"atk":31,"def":31,"hp":31,"spa":31,"spd":31,"spe":31},"level":100,"moves":["coil","firelash","leechlife","crunch"],"name":"Centiskorch","nature":"Adamant","species":"Centiskorch"}],"p2":"44693","p2rating":1225,"p2team":[{"ability":"pressure","evs":{"atk":0,"def":32,"hp":252,"spa":0,"spd":136,"spe":88},"happiness":160,"item":"leftovers","ivs":{"atk":31,"def":31,"hp":31,"spa":31,"spd":31,"spe":31},"level":100,"moves":["bravebird","substitute","bulkup","roost"],"name":"Corviknight","nature":"Careful","species":"Corviknight"},{"ability":"blaze","evs":{"atk":252,"def":0,"hp":4,"spa":0,"spd":0,"spe":252},"happiness":160,"item":"choicescarf","ivs":{"atk":31,"def":31,"hp":31,"spa":31,"spd":31,"spe":31},"level":100,"moves":["courtchange","pyroball","highjumpkick","uturn"],"name":"Cinderace","nature":"Jolly","species":"Cinderace"},{"ability":"infiltrator","evs":{"atk":0,"def":0,"hp":0,"spa":252,"spd":4,"spe":252},"happiness":160,"item":"expertbelt","ivs":{"atk":0,"def":31,"hp":31,"spa":31,"spd":31,"spe":31},"level":100,"moves":["dracometeor","shadowball","fireblast","thunderbolt"],"name":"Dragapult","nature":"Timid","species":"Dragapult"},{"ability":"magicbounce","evs":{"atk":0,"def":0,"hp":252,"spa":252,"spd":4,"spe":0},"gender":"F","happiness":160,"item":"leftovers","ivs":{"atk":31,"def":31,"hp":31,"spa":31,"spd":31,"spe":0},"level":100,"moves":["psychic","dazzlinggleam","mysticalfire","trickroom"],"name":"Hatterene","nature":"Quiet","species":"Hatterene"},{"ability":"moxie","evs":{"atk":200,"def":0,"hp":176,"spa":0,"spd":0,"spe":132},"happiness":160,"item":"leftovers","ivs":{"atk":31,"def":31,"hp":31,"spa":31,"spd":31,"spe":31},"level":100,"moves":["waterfall","earthquake","stoneedge","dragondance"],"name":"Gyarados","nature":"","species":"Gyarados"},{"ability":"waterabsorb","evs":{"atk":0,"def":112,"hp":252,"spa":0,"spd":0,"spe":144},"happiness":160,"item":"leftovers","ivs":{"atk":31,"def":31,"hp":31,"spa":31,"spd":31,"spe":31},"level":100,"moves":["stealthrock","scald","toxic","earthquake"],"name":"Seismitoad","nature":"Timid","species":"Seismitoad"}],"roomid":1017295,"score":[5,4],"seed":[25663,57006,45118,44061],"timestamp":"Sat Dec 28 2019 18:XX","turns":12,"winner":"76957","rated_battle":true,"average_rating":1243}