{"endType":"normal","format":"gen8ou","inputLog":[">version aa9f8c6b9cf4eca780a1296832ecd3b0009641e0",">version-origin 5e8529faaa5905c5f8e15eafaaefa806ee8c7d06",">start {\"formatid\":\"gen8ou\",\"seed\":[65519,61810,23335,29116],\"rated\":\"Rated battle\"}",">player p1 {\"\"name\":\"34616\",\"rating\":1585}",">player p2 {\"\"name\":\"122732\",\"rating\":1542}",">p1 team 2, 1, 3, 4, 5, 6",">p2 team 3, 2, 1, 4, 5, 6",">p1 move flareblitz",">p2 move uturn",">p2 switch 2",">p1 switch 5",">p2 move suckerpunch",">p1 move earthpower",">p2 move uturn",">p2 switch 6",">p1 move toxic",">p2 move toxic",">p1 move stealthrock",">p2 switch 4",">p1 switch 4",">p2 move trickroom",">p1 move roost",">p2 move mysticalfire",">p1 move defog",">p2 move mysticalfire",">p1 move ironhead",">p2 move mysticalfire",">p1 move roost",">p2 switch 6",">p1 switch 4",">p2 move pyroball",">p1 move earthpower",">p2 move uturn",">p2 switch 5",">p1 move toxic",">p2 switch 6",">p1 move earthpower",">p2 switch 4",">p1 move earthpower",">p2 move protect",">p1 switch 3",">p1 move moonblast",">p2 switch 5",">p1 move moonblast",">p2 move pyroball",">p1 switch 2",">p1 move machpunch",">p2 move pyroball",">p2 switch 3",">p1 switch 4",">p2 move fishiousrend",">p1 switch 5",">p1 move iciclecrash",">p2 switch 4",">p2 switch 2",">p1 switch 6",">p2 move uturn",">p2 switch 5",">p1 switch 4",">p1 move drainpunch",">p2 move stealthrock",">p2 switch 4",">p1 move machpunch",">p2 move psychicfangs",">p1 switch 6"],"log":["|j|\u260634616","|j|\u2606122732","|player|p1|34616|burglar|1585","|player|p2|122732|265|1542","|teamsize|p1|6","|teamsize|p2|6","|gametype|singles","|gen|8","|tier|[Gen 8] OU","|rated|","|rule|Sleep Clause Mod: Limit one foe put to sleep","|rule|Species Clause: Limit one of each Pok\u00e9mon","|rule|OHKO Clause: OHKO moves are banned","|rule|Evasion Moves Clause: Evasion moves are banned","|rule|Endless Battle Clause: Forcing endless battles is banned","|rule|HP Percentage Mod: HP is shown in percentages","|clearpoke","|poke|p1|Conkeldurr, M|","|poke|p1|Darmanitan-Galar, M|","|poke|p1|Clefable, F|","|poke|p1|Corviknight, F|","|poke|p1|Seismitoad, M|","|poke|p1|Crawdaunt, F|","|poke|p2|Dracovish|","|poke|p2|Cinderace, M|","|poke|p2|Darmanitan-Galar, F|","|poke|p2|Hatterene, F|","|poke|p2|Mandibuzz, F|","|poke|p2|Seismitoad, M|","|rule|Dynamax Clause: You cannot dynamax","|teampreview","|","|start","|switch|p1a: Darmanitan|Darmanitan-Galar, M|351\/351","|switch|p2a: Vibe Check|Darmanitan-Galar, F|351\/351","|turn|1","|","|move|p2a: Vibe Check|U-turn|p1a: Darmanitan","|-damage|p1a: Darmanitan|119\/351","|","|switch|p2a: Energizer Bunny|Cinderace, M|301\/301","|move|p1a: Darmanitan|Flare Blitz|p2a: Energizer Bunny","|-resisted|p2a: Energizer Bunny","|-damage|p2a: Energizer Bunny|147\/301","|-damage|p1a: Darmanitan|68\/351|[from] Recoil","|","|upkeep","|turn|2","|","|switch|p1a: 00toad|Seismitoad, M|413\/413","|move|p2a: Energizer Bunny|Sucker Punch||[still]","|-fail|p2a: Energizer Bunny","|","|upkeep","|turn|3","|","|move|p2a: Energizer Bunny|U-turn|p1a: 00toad","|-damage|p1a: 00toad|342\/413","|","|switch|p2a: Frogger|Seismitoad, M|414\/414","|move|p1a: 00toad|Earth Power|p2a: Frogger","|-damage|p2a: Frogger|303\/414","|","|-heal|p1a: 00toad|367\/413|[from] item: Leftovers","|-heal|p2a: Frogger|328\/414|[from] item: Leftovers","|upkeep","|turn|4","|","|move|p2a: Frogger|Toxic|p1a: 00toad","|-status|p1a: 00toad|tox","|move|p1a: 00toad|Toxic|p2a: Frogger","|-status|p2a: Frogger|tox","|","|-heal|p1a: 00toad|392\/413 tox|[from] item: Leftovers","|-heal|p2a: Frogger|353\/414 tox|[from] item: Leftovers","|-damage|p1a: 00toad|367\/413 tox|[from] psn","|-damage|p2a: Frogger|328\/414 tox|[from] psn","|upkeep","|turn|5","|","|switch|p2a: Jubilee|Hatterene, F|318\/318","|move|p1a: 00toad|Stealth Rock|p2a: Jubilee","|move|p2a: Jubilee|Stealth Rock|p1a: 00toad|[from]Magic Bounce","|-sidestart34616|move: Stealth Rock","|","|-heal|p1a: 00toad|392\/413 tox|[from] item: Leftovers","|-damage|p1a: 00toad|342\/413 tox|[from] psn","|upkeep","|turn|6","|","|switch|p1a: Corviknight|Corviknight, F|399\/399","|-damage|p1a: Corviknight|350\/399|[from] Stealth Rock","|move|p2a: Jubilee|Trick Room|p2a: Jubilee","|-fieldstart|move: Trick Room|[of] p2a: Jubilee","|","|-heal|p1a: Corviknight|374\/399|[from] item: Leftovers","|upkeep","|turn|7","|","|move|p2a: Jubilee|Mystical Fire|p1a: Corviknight","|-supereffective|p1a: Corviknight","|-damage|p1a: Corviknight|190\/399","|-ability|p1a: Corviknight|Mirror Armor","|-unboost|p2a: Jubilee|spa|1","|move|p1a: Corviknight|Roost|p1a: Corviknight","|-heal|p1a: Corviknight|390\/399","|-singleturn|p1a: Corviknight|move: Roost","|","|-heal|p1a: Corviknight|399\/399|[from] item: Leftovers","|upkeep","|turn|8","|","|move|p2a: Jubilee|Mystical Fire|p1a: Corviknight","|-supereffective|p1a: Corviknight","|-damage|p1a: Corviknight|281\/399","|-ability|p1a: Corviknight|Mirror Armor","|-unboost|p2a: Jubilee|spa|1","|move|p1a: Corviknight|Defog|p2a: Jubilee","|move|p2a: Jubilee|Defog|p1a: Corviknight|[from]Magic Bounce","|-ability|p1a: Corviknight|Mirror Armor","|-unboost|p2a: Jubilee|evasion|1","|-sideend34616|Stealth Rock|[from] move: Defog|[of] p2a: Jubilee","|","|-heal|p1a: Corviknight|305\/399|[from] item: Leftovers","|upkeep","|turn|9","|","|move|p2a: Jubilee|Mystical Fire|p1a: Corviknight","|-supereffective|p1a: Corviknight","|-damage|p1a: Corviknight|203\/399","|-ability|p1a: Corviknight|Mirror Armor","|-unboost|p2a: Jubilee|spa|1","|move|p1a: Corviknight|Iron Head|p2a: Jubilee","|-supereffective|p2a: Jubilee","|-crit|p2a: Jubilee","|-damage|p2a: Jubilee|30\/318","|","|-heal|p2a: Jubilee|49\/318|[from] item: Leftovers","|-heal|p1a: Corviknight|227\/399|[from] item: Leftovers","|upkeep","|turn|10","|","|switch|p2a: Energizer Bunny|Cinderace, M|147\/301","|move|p1a: Corviknight|Roost|p1a: Corviknight","|-heal|p1a: Corviknight|399\/399","|-singleturn|p1a: Corviknight|move: Roost","|","|-fieldend|move: Trick Room","|upkeep","|turn|11","|","|switch|p1a: 00toad|Seismitoad, M|342\/413 tox","|move|p2a: Energizer Bunny|Pyro Ball|p1a: 00toad","|-resisted|p1a: 00toad","|-damage|p1a: 00toad|251\/413 tox","|","|-heal|p1a: 00toad|276\/413 tox|[from] item: Leftovers","|-damage|p1a: 00toad|251\/413 tox|[from] psn","|upkeep","|turn|12","|","|move|p2a: Energizer Bunny|U-turn|p1a: 00toad","|-damage|p1a: 00toad|179\/413 tox","|","|switch|p2a: Angry Bird|Mandibuzz, F|422\/422","|move|p1a: 00toad|Earth Power|p2a: Angry Bird","|-immune|p2a: Angry Bird","|","|-heal|p1a: 00toad|204\/413 tox|[from] item: Leftovers","|-damage|p1a: 00toad|154\/413 tox|[from] psn","|upkeep","|turn|13","|","|switch|p2a: Jubilee|Hatterene, F|49\/318","|move|p1a: 00toad|Toxic|p2a: Jubilee","|move|p2a: Jubilee|Toxic|p1a: 00toad|[from]Magic Bounce","|-fail|p1a: 00toad|tox","|","|-heal|p1a: 00toad|179\/413 tox|[from] item: Leftovers","|-heal|p2a: Jubilee|68\/318|[from] item: Leftovers","|-damage|p1a: 00toad|104\/413 tox|[from] psn","|upkeep","|turn|14","|","|switch|p2a: Frogger|Seismitoad, M|328\/414 tox","|move|p1a: 00toad|Earth Power|p2a: Frogger","|-damage|p2a: Frogger|210\/414 tox","|","|-heal|p1a: 00toad|129\/413 tox|[from] item: Leftovers","|-heal|p2a: Frogger|235\/414 tox|[from] item: Leftovers","|-damage|p1a: 00toad|29\/413 tox|[from] psn","|-damage|p2a: Frogger|210\/414 tox|[from] psn","|upkeep","|turn|15","|","|move|p2a: Frogger|Protect|p2a: Frogger","|-singleturn|p2a: Frogger|Protect","|move|p1a: 00toad|Earth Power|p2a: Frogger","|-activate|p2a: Frogger|move: Protect","|","|-heal|p1a: 00toad|54\/413 tox|[from] item: Leftovers","|-heal|p2a: Frogger|235\/414 tox|[from] item: Leftovers","|-damage|p1a: 00toad|0 fnt|[from] psn","|faint|p1a: 00toad","|-damage|p2a: Frogger|185\/414 tox|[from] psn","|upkeep","|","|switch|p1a: Clefable|Clefable, F|351\/351","|turn|16","|","|switch|p2a: Energizer Bunny|Cinderace, M|147\/301","|move|p1a: Clefable|Moonblast|p2a: Energizer Bunny","|-resisted|p2a: Energizer Bunny","|-damage|p2a: Energizer Bunny|16\/301","|","|upkeep","|turn|17","|","|move|p2a: Energizer Bunny|Pyro Ball|p1a: Clefable","|-damage|p1a: Clefable|0 fnt","|faint|p1a: Clefable","|","|upkeep","|","|switch|p1a: Conkeldurr|Conkeldurr, M|413\/413","|turn|18","|","|move|p1a: Conkeldurr|Mach Punch|p2a: Energizer Bunny","|-damage|p2a: Energizer Bunny|0 fnt","|faint|p2a: Energizer Bunny","|","|-status|p1a: Conkeldurr|brn|[from] item: Flame Orb","|upkeep","|","|switch|p2a: Capt. Yikes|Dracovish|321\/321","|turn|19","|","|switch|p1a: Corviknight|Corviknight, F|399\/399","|move|p2a: Capt. Yikes|Fishious Rend|p1a: Corviknight","|-damage|p1a: Corviknight|0 fnt","|faint|p1a: Corviknight","|","|upkeep","|","|switch|p1a: Darmanitan|Darmanitan-Galar, M|68\/351","|turn|20","|","|switch|p2a: Jubilee|Hatterene, F|68\/318","|move|p1a: Darmanitan|Icicle Crash|p2a: Jubilee","|-damage|p2a: Jubilee|0 fnt","|faint|p2a: Jubilee","|","|upkeep","|","|switch|p2a: Vibe Check|Darmanitan-Galar, F|351\/351","|turn|21","|","|switch|p1a: Crawdaunt|Crawdaunt, F|267\/267","|move|p2a: Vibe Check|U-turn|p1a: Crawdaunt","|-supereffective|p1a: Crawdaunt","|-damage|p1a: Crawdaunt|0 fnt","|faint|p1a: Crawdaunt","|","|switch|p2a: Frogger|Seismitoad, M|185\/414 tox","|","|-heal|p2a: Frogger|210\/414 tox|[from] item: Leftovers","|-damage|p2a: Frogger|185\/414 tox|[from] psn","|upkeep","|","|switch|p1a: Conkeldurr|Conkeldurr, M|413\/413 brn","|turn|22","|","|move|p2a: Frogger|Stealth Rock|p1a: Conkeldurr","|-sidestart34616|move: Stealth Rock","|move|p1a: Conkeldurr|Drain Punch|p2a: Frogger","|-damage|p2a: Frogger|0 fnt","|faint|p2a: Frogger","|","|-damage|p1a: Conkeldurr|388\/413 brn|[from] brn","|upkeep","|","|switch|p2a: Capt. Yikes|Dracovish|321\/321","|turn|23","|","|move|p1a: Conkeldurr|Mach Punch|p2a: Capt. Yikes","|-damage|p2a: Capt. Yikes|191\/321","|move|p2a: Capt. Yikes|Psychic Fangs|p1a: Conkeldurr","|-supereffective|p1a: Conkeldurr","|-damage|p1a: Conkeldurr|0 fnt","|faint|p1a: Conkeldurr","|","|upkeep","|","|switch|p1a: Darmanitan|Darmanitan-Galar, M|68\/351","|-damage|p1a: Darmanitan|0 fnt|[from] Stealth Rock","|faint|p1a: Darmanitan","|","|win|122732","|raw|34616's rating: 1585 &rarr; <strong>1562<\/strong><br \/>(-23 for losing)","|raw|122732's rating: 1542 &rarr; <strong>1565<\/strong><br \/>(+23 for winning)",""],"p1":"34616","p1rating":1585,"p1team":[{"ability":"guts","evs":{"atk":252,"def":8,"hp":248,"spa":0,"spd":0,"spe":0},"gender":"M","happiness":160,"item":"flameorb","ivs":{"atk":31,"def":31,"hp":31,"spa":31,"spd":31,"spe":31},"level":100,"moves":["drainpunch","machpunch","thunderpunch","earthquake"],"name":"Conkeldurr","nature":"Adamant","species":"Conkeldurr"},{"ability":"gorillatactics","evs":{"atk":252,"def":0,"hp":0,"spa":4,"spd":0,"spe":252},"happiness":160,"item":"choicescarf","ivs":{"atk":31,"def":31,"hp":31,"spa":31,"spd":31,"spe":31},"level":100,"moves":["iciclecrash","flareblitz","earthquake","uturn"],"name":"Darmanitan","nature":"Hasty","species":"darmanitangalar"},{"ability":"magicguard","evs":{"atk":0,"def":0,"hp":80,"spa":252,"spd":0,"spe":176},"gender":"F","happiness":160,"item":"lifeorb","ivs":{"atk":0,"def":31,"hp":31,"spa":31,"spd":31,"spe":31},"level":100,"moves":["moonblast","thunderbolt","fireblast","moonlight"],"name":"Clefable","nature":"Modest","species":"Clefable"},{"ability":"mirrorarmor","evs":{"atk":0,"def":80,"hp":248,"spa":0,"spd":180,"spe":0},"gender":"F","happiness":160,"item":"leftovers","ivs":{"atk":31,"def":31,"hp":31,"spa":31,"spd":31,"spe":31},"level":100,"moves":["ironhead","roost","defog","uturn"],"name":"Corviknight","nature":"Impish","species":"Corviknight"},{"ability":"waterabsorb","evs":{"atk":0,"def":252,"hp":248,"spa":8,"spd":0,"spe":0},"gender":"M","happiness":160,"item":"leftovers","ivs":{"atk":0,"def":31,"hp":31,"spa":31,"spd":31,"spe":31},"level":100,"moves":["toxic","earthpower","stealthrock","protect"],"name":"00toad","nature":"Bold","species":"seismitoad"},{"ability":"adaptability","evs":{"atk":252,"def":4,"hp":0,"spa":0,"spd":0,"spe":252},"happiness":160,"item":"lifeorb","ivs":{"atk":31,"def":31,"hp":31,"spa":31,"spd":31,"spe":31},"level":100,"moves":["knockoff","crabhammer","aquajet","swordsdance"],"name":"Crawdaunt","nature":"Adamant","species":"Crawdaunt"}],"p2":"122732","p2rating":1542,"p2team":[{"ability":"strongjaw","evs":{"atk":252,"def":0,"hp":0,"spa":0,"spd":4,"spe":252},"gender":"N","happiness":160,"item":"choiceband","ivs":{"atk":31,"def":31,"hp":31,"spa":31,"spd":31,"spe":31},"level":100,"moves":["fishiousrend","psychicfangs","crunch","outrage"],"name":"Capt. Yikes","nature":"Adamant","species":"dracovish"},{"ability":"blaze","evs":{"atk":252,"def":0,"hp":0,"spa":0,"spd":4,"spe":252},"happiness":160,"item":"heavydutyboots","ivs":{"atk":31,"def":31,"hp":31,"spa":31,"spd":31,"spe":31},"level":100,"moves":["pyroball","uturn","suckerpunch","courtchange"],"name":"Energizer Bunny","nature":"Adamant","species":"cinderace"},{"ability":"gorillatactics","evs":{"atk":252,"def":0,"hp":0,"spa":0,"spd":4,"spe":252},"happiness":160,"item":"choicescarf","ivs":{"atk":31,"def":31,"hp":31,"spa":31,"spd":31,"spe":31},"level":100,"moves":["iciclecrash","flareblitz","uturn","earthquake"],"name":"Vibe Check","nature":"Jolly","species":"darmanitangalar"},{"ability":"magicbounce","evs":{"atk":0,"def":0,"hp":252,"spa":252,"spd":4,"spe":0},"gender":"F","happiness":160,"item":"leftovers","ivs":{"atk":0,"def":31,"hp":31,"spa":31,"spd":31,"spe":0},"level":100,"moves":["trickroom","mysticalfire","psychic","drainingkiss"],"name":"Jubilee","nature":"Quiet","species":"Hatterene"},{"ability":"overcoat","evs":{"atk":28,"def":60,"hp":244,"spa":0,"spd":176,"spe":0},"gender":"F","happiness":160,"item":"heavydutyboots","ivs":{"atk":31,"def":31,"hp":31,"spa":31,"spd":31,"spe":0},"level":100,"moves":["uturn","foulplay","defog","roost"],"name":"Angry Bird","nature":"Sassy","species":"mandibuzz"},{"ability":"waterabsorb","evs":{"atk":0,"def":252,"hp":252,"spa":0,"spd":4,"spe":0},"happiness":160,"item":"leftovers","ivs":{"atk":0,"def":31,"hp":31,"spa":31,"spd":31,"spe":31},"level":100,"moves":["scald","toxic","stealthrock","protect"],"name":"Frogger","nature":"Bold","species":"seismitoad"}],"roomid":1023360,"score":[0,3],"seed":[65519,61810,23335,29116],"timestamp":"Sat Dec 28 2019 02:XX","turns":23,"winner":"122732","rated_battle":true,"average_rating":1563}