{"endType":"forfeit","format":"gen8ou","inputLog":[">version aa9f8c6b9cf4eca780a1296832ecd3b0009641e0",">version-origin 5e8529faaa5905c5f8e15eafaaefa806ee8c7d06",">start {\"formatid\":\"gen8ou\",\"seed\":[10416,37094,16641,43685],\"rated\":\"Rated battle\"}",">player p1 {\"\"name\":\"21816\",\"rating\":1493}",">player p2 {\"\"name\":\"24997\",\"rating\":1561}",">p1 team 3, 2, 1, 4, 5, 6",">p2 team 5, 2, 3, 4, 1, 6",">p1 move stealthrock",">p2 move shadowball",">p1 move strengthsap",">p2 switch 6",">p1 move willowisp",">p2 switch 4",">p1 switch 6",">p2 move stealthrock",">p1 move leechseed",">p2 switch 2",">p1 switch 6",">p2 move rapidspin",">p1 move nightshade",">p2 switch 3",">p1 move nightshade",">p2 move nastyplot"],"log":["|j|\u260621816","|j|\u260624997","|player|p1|21816|cyrus|1493","|player|p2|24997|3|1561","|teamsize|p1|6","|teamsize|p2|6","|gametype|singles","|gen|8","|tier|[Gen 8] OU","|rated|","|rule|Sleep Clause Mod: Limit one foe put to sleep","|rule|Species Clause: Limit one of each Pok\u00e9mon","|rule|OHKO Clause: OHKO moves are banned","|rule|Evasion Moves Clause: Evasion moves are banned","|rule|Endless Battle Clause: Forcing endless battles is banned","|rule|HP Percentage Mod: HP is shown in percentages","|clearpoke","|poke|p1|Dragapult, F|","|poke|p1|Darmanitan-Galar, F|","|poke|p1|Corsola-Galar, M|","|poke|p1|Toxtricity, M|","|poke|p1|Excadrill, M|","|poke|p1|Whimsicott, F|","|poke|p2|Darmanitan-Galar, M|","|poke|p2|Excadrill, M|","|poke|p2|Rotom-Heat|","|poke|p2|Seismitoad, M|","|poke|p2|Dragapult, F|","|poke|p2|Grimmsnarl, M|","|rule|Dynamax Clause: You cannot dynamax","|teampreview","|","|start","|switch|p1a: Corsola|Corsola-Galar, M|323\/323","|switch|p2a: Dragapult|Dragapult, F|317\/317","|turn|1","|","|move|p2a: Dragapult|Shadow Ball|p1a: Corsola","|-supereffective|p1a: Corsola","|-damage|p1a: Corsola|63\/323","|-start|p2a: Dragapult|Disable|Shadow Ball|[from] ability: Cursed Body|[of] p1a: Corsola","|move|p1a: Corsola|Stealth Rock|p2a: Dragapult","|-sidestart24997|move: Stealth Rock","|","|upkeep","|turn|2","|","|switch|p2a: Grimmsnarl|Grimmsnarl, M|394\/394","|-damage|p2a: Grimmsnarl|345\/394|[from] Stealth Rock","|move|p1a: Corsola|Strength Sap|p2a: Grimmsnarl","|-unboost|p2a: Grimmsnarl|atk|1","|-heal|p1a: Corsola|323\/323","|","|-heal|p2a: Grimmsnarl|369\/394|[from] item: Leftovers","|upkeep","|turn|3","|","|switch|p2a: Seismitoad|Seismitoad, M|386\/386","|-damage|p2a: Seismitoad|362\/386|[from] Stealth Rock","|move|p1a: Corsola|Will-O-Wisp|p2a: Seismitoad","|-status|p2a: Seismitoad|brn","|","|-heal|p2a: Seismitoad|386\/386 brn|[from] item: Leftovers","|-damage|p2a: Seismitoad|362\/386 brn|[from] brn","|upkeep","|turn|4","|","|switch|p1a: Whimsicott|Whimsicott, F|323\/323","|move|p2a: Seismitoad|Stealth Rock|p1a: Whimsicott","|-sidestart21816|move: Stealth Rock","|","|-heal|p2a: Seismitoad|386\/386 brn|[from] item: Leftovers","|-damage|p2a: Seismitoad|362\/386 brn|[from] brn","|upkeep","|turn|5","|","|switch|p2a: Excadrill|Excadrill, M|361\/361","|-damage|p2a: Excadrill|350\/361|[from] Stealth Rock","|-ability|p2a: Excadrill|Mold Breaker","|move|p1a: Whimsicott|Leech Seed|p2a: Excadrill","|-start|p2a: Excadrill|move: Leech Seed","|","|-damage|p2a: Excadrill|305\/361|[from] Leech Seed|[of] p1a: Whimsicott","|upkeep","|turn|6","|","|switch|p1a: Corsola|Corsola-Galar, M|323\/323","|-damage|p1a: Corsola|283\/323|[from] Stealth Rock","|move|p2a: Excadrill|Rapid Spin|p1a: Corsola","|-immune|p1a: Corsola","|","|-damage|p2a: Excadrill|260\/361|[from] Leech Seed|[of] p1a: Corsola","|-heal|p1a: Corsola|323\/323|[silent]","|upkeep","|turn|7","|","|switch|p2a: Rotom|Rotom-Heat|242\/242","|-damage|p2a: Rotom|182\/242|[from] Stealth Rock","|move|p1a: Corsola|Night Shade|p2a: Rotom","|-damage|p2a: Rotom|82\/242","|","|-heal|p2a: Rotom|97\/242|[from] item: Leftovers","|upkeep","|turn|8","|","|move|p2a: Rotom|Nasty Plot|p2a: Rotom","|-boost|p2a: Rotom|spa|2","|move|p1a: Corsola|Night Shade|p2a: Rotom","|-damage|p2a: Rotom|0 fnt","|faint|p2a: Rotom","|","|upkeep","|-message|24997 forfeited.","|","|win|21816","|l|\u260624997","|l|\u260621816","|raw|21816's rating: 1473 &rarr; <strong>1498<\/strong><br \/>(+25 for winning)","|raw|24997's rating: 1561 &rarr; <strong>1536<\/strong><br \/>(-25 for losing)",""],"p1":"21816","p1rating":1493,"p1team":[{"ability":"infiltrator","evs":{"atk":252,"def":0,"hp":0,"spa":0,"spd":4,"spe":252},"happiness":160,"item":"leftovers","ivs":{"atk":31,"def":31,"hp":31,"spa":31,"spd":31,"spe":31},"level":100,"moves":["dragondance","dragondarts","phantomforce","substitute"],"name":"Dragapult","nature":"Adamant","species":"Dragapult"},{"ability":"gorillatactics","evs":{"atk":252,"def":4,"hp":0,"spa":0,"spd":0,"spe":252},"happiness":160,"item":"choicescarf","ivs":{"atk":31,"def":31,"hp":31,"spa":31,"spd":31,"spe":31},"level":100,"moves":["iciclecrash","earthquake","flareblitz","uturn"],"name":"Darmanitan","nature":"Jolly","species":"darmanitangalar"},{"ability":"cursedbody","evs":{"atk":0,"def":252,"hp":248,"spa":0,"spd":8,"spe":0},"happiness":160,"item":"eviolite","ivs":{"atk":0,"def":31,"hp":31,"spa":31,"spd":31,"spe":31},"level":100,"moves":["willowisp","stealthrock","strengthsap","nightshade"],"name":"Corsola","nature":"Bold","species":"corsolagalar"},{"ability":"punkrock","evs":{"atk":0,"def":0,"hp":0,"spa":252,"spd":4,"spe":252},"happiness":160,"item":"choicespecs","ivs":{"atk":0,"def":31,"hp":31,"spa":31,"spd":31,"spe":31},"level":100,"moves":["sludgewave","overdrive","boomburst","voltswitch"],"name":"Toxtricity","nature":"Timid","species":"Toxtricity"},{"ability":"moldbreaker","evs":{"atk":252,"def":0,"hp":0,"spa":0,"spd":4,"spe":252},"happiness":160,"item":"lifeorb","ivs":{"atk":31,"def":31,"hp":31,"spa":31,"spd":31,"spe":31},"level":100,"moves":["earthquake","rapidspin","rockslide","ironhead"],"name":"Excadrill","nature":"Jolly","species":"Excadrill"},{"ability":"prankster","evs":{"atk":0,"def":8,"hp":248,"spa":0,"spd":252,"spe":0},"happiness":160,"item":"leftovers","ivs":{"atk":0,"def":31,"hp":31,"spa":31,"spd":31,"spe":31},"level":100,"moves":["leechseed","protect","substitute","encore"],"name":"Whimsicott","nature":"Calm","species":"Whimsicott"}],"p2":"24997","p2rating":1561,"p2team":[{"ability":"gorillatactics","evs":{"atk":252,"def":0,"hp":0,"spa":0,"spd":4,"spe":252},"happiness":160,"item":"choicescarf","ivs":{"atk":31,"def":31,"hp":31,"spa":31,"spd":31,"spe":31},"level":100,"moves":["iciclecrash","earthquake","flareblitz","uturn"],"name":"Darmanitan","nature":"Adamant","species":"darmanitangalar"},{"ability":"moldbreaker","evs":{"atk":252,"def":0,"hp":0,"spa":0,"spd":4,"spe":252},"happiness":160,"item":"focussash","ivs":{"atk":31,"def":31,"hp":31,"spa":31,"spd":31,"spe":31},"level":100,"moves":["earthquake","rapidspin","swordsdance","ironhead"],"name":"Excadrill","nature":"Jolly","species":"Excadrill"},{"ability":"levitate","evs":{"atk":0,"def":240,"hp":4,"spa":252,"spd":0,"spe":12},"gender":"N","happiness":160,"item":"leftovers","ivs":{"atk":0,"def":31,"hp":31,"spa":31,"spd":31,"spe":31},"level":100,"moves":["nastyplot","thunderbolt","overheat","voltswitch"],"name":"Rotom","nature":"Impish","species":"rotomheat"},{"ability":"waterabsorb","evs":{"atk":252,"def":0,"hp":140,"spa":0,"spd":12,"spe":104},"happiness":160,"item":"leftovers","ivs":{"atk":31,"def":31,"hp":31,"spa":31,"spd":31,"spe":31},"level":100,"moves":["stealthrock","liquidation","powerwhip","earthquake"],"name":"Seismitoad","nature":"Adamant","species":"Seismitoad"},{"ability":"infiltrator","evs":{"atk":0,"def":0,"hp":0,"spa":252,"spd":4,"spe":252},"happiness":160,"item":"choicespecs","ivs":{"atk":31,"def":31,"hp":31,"spa":31,"spd":31,"spe":31},"level":100,"moves":["dracometeor","shadowball","flamethrower","uturn"],"name":"Dragapult","nature":"Modest","species":"Dragapult"},{"ability":"prankster","evs":{"atk":240,"def":0,"hp":252,"spa":0,"spd":0,"spe":16},"gender":"M","happiness":160,"item":"leftovers","ivs":{"atk":31,"def":31,"hp":31,"spa":31,"spd":31,"spe":31},"level":100,"moves":["darkestlariat","playrough","suckerpunch","taunt"],"name":"Grimmsnarl","nature":"Adamant","species":"Grimmsnarl"}],"roomid":1019000,"score":[6,5],"seed":[10416,37094,16641,43685],"timestamp":"Sat Dec 28 2019 17:XX","turns":8,"winner":"21816","rated_battle":true,"average_rating":1527}