{"endType":"normal","format":"gen8ou","inputLog":[">version aa9f8c6b9cf4eca780a1296832ecd3b0009641e0",">version-origin 5e8529faaa5905c5f8e15eafaaefa806ee8c7d06",">start {\"formatid\":\"gen8ou\",\"seed\":[42305,49844,9773,503],\"rated\":\"Rated battle\"}",">player p1 {\"\"name\":\"31387\",\"rating\":1327}",">player p2 {\"\"name\":\"9733\",\"rating\":1366}",">p1 team 3, 2, 1, 4, 5, 6",">p2 team 3, 2, 1, 4, 5, 6",">p1 move swordsdance",">p2 move willowisp",">p1 move swordsdance",">p2 move hex",">p1 move playrough",">p2 move hex",">p1 switch 6",">p1 move moonblast",">p2 move voltswitch",">p2 switch 5",">p1 switch 5",">p2 move ironhead",">p1 move shadowball",">p2 move taunt",">p1 move flamethrower",">p2 switch 4",">p1 switch 5",">p2 move hypervoice",">p1 move moonlight",">p2 move hypervoice",">p1 move moonlight",">p2 move hypervoice",">p1 move moonlight",">p2 move hypervoice",">p1 move moonlight",">p2 move hypervoice",">p1 move moonlight",">p2 move hypervoice",">p1 move moonlight",">p2 move wish",">p1 move thunderbolt",">p2 switch 4",">p2 switch 4",">p1 move moonblast",">p2 move hypervoice",">p1 switch 2",">p2 move hypervoice",">p1 move gyroball",">p2 move mysticalfire",">p2 switch 2",">p1 move knockoff",">p2 move machpunch",">p1 switch 5",">p2 move earthquake",">p1 switch 5",">p2 move earthquake",">p1 switch 2",">p1 move moonblast",">p2 switch 5",">p1 move moonlight",">p2 move overheat",">p1 switch 5",">p1 move dracometeor",">p2 move hex",">p1 switch 3",">p1 move rockblast",">p2 move overheat",">p1 move rockblast",">p2 switch 6",">p1 move poisonjab",">p2 move stealthrock",">p1 move rockblast",">p2 move earthpower",">p1 move machpunch",">p2 move earthpower",">p1 switch 4",">p1 move icepunch",">p2 move scald",">p2 switch 6",">p1 move icepunch",">p2 move willowisp",">p1 move icepunch",">p2 move overheat",">p1 move icepunch",">p2 move overheat",">p1 move icepunch",">p2 move overheat",">p2 switch 5",">p1 move icepunch",">p2 move drainpunch"],"log":["|j|\u260631387","|j|\u26069733","|player|p1|31387|101|1327","|player|p2|9733|70|1366","|teamsize|p1|6","|teamsize|p2|6","|gametype|singles","|gen|8","|tier|[Gen 8] OU","|rated|","|rule|Sleep Clause Mod: Limit one foe put to sleep","|rule|Species Clause: Limit one of each Pok\u00e9mon","|rule|OHKO Clause: OHKO moves are banned","|rule|Evasion Moves Clause: Evasion moves are banned","|rule|Endless Battle Clause: Forcing endless battles is banned","|rule|HP Percentage Mod: HP is shown in percentages","|clearpoke","|poke|p1|Conkeldurr, F|","|poke|p1|Ferrothorn, M|","|poke|p1|Mimikyu, F|","|poke|p1|Darmanitan-Galar, M|","|poke|p1|Dragapult, F|","|poke|p1|Clefable, M|","|poke|p2|Hydreigon, M|","|poke|p2|Conkeldurr, M|","|poke|p2|Rotom-Heat|","|poke|p2|Sylveon, F|","|poke|p2|Corviknight, M|","|poke|p2|Seismitoad, M|","|rule|Dynamax Clause: You cannot dynamax","|teampreview","|","|start","|switch|p1a: Mimikyu|Mimikyu, F|252\/252","|switch|p2a: Rotom|Rotom-Heat, shiny|304\/304","|turn|1","|","|move|p1a: Mimikyu|Swords Dance|p1a: Mimikyu","|-boost|p1a: Mimikyu|atk|2","|move|p2a: Rotom|Will-O-Wisp|p1a: Mimikyu","|-status|p1a: Mimikyu|brn","|","|-damage|p1a: Mimikyu|237\/252 brn|[from] brn","|upkeep","|turn|2","|","|move|p1a: Mimikyu|Swords Dance|p1a: Mimikyu","|-boost|p1a: Mimikyu|atk|2","|move|p2a: Rotom|Hex|p1a: Mimikyu","|-activate|p1a: Mimikyu|ability: Disguise","|-damage|p1a: Mimikyu|237\/252 brn","|detailschange|p1a: Mimikyu|Mimikyu-Busted, F","|-damage|p1a: Mimikyu|206\/252 brn|[from] ability: Disguise|[of] p1a: Mimikyu","|","|-damage|p1a: Mimikyu|191\/252 brn|[from] brn","|upkeep","|turn|3","|","|move|p1a: Mimikyu|Play Rough|p2a: Rotom","|-resisted|p2a: Rotom","|-damage|p2a: Rotom|229\/304","|-damage|p1a: Mimikyu|166\/252 brn|[from] item: Life Orb","|move|p2a: Rotom|Hex|p1a: Mimikyu","|-supereffective|p1a: Mimikyu","|-damage|p1a: Mimikyu|0 fnt","|faint|p1a: Mimikyu","|","|-heal|p2a: Rotom|248\/304|[from] item: Leftovers","|upkeep","|","|switch|p1a: Clefable|Clefable, M|380\/380","|turn|4","|","|move|p2a: Rotom|Volt Switch|p1a: Clefable","|-damage|p1a: Clefable|289\/380","|","|switch|p2a: Corviknight|Corviknight, M|400\/400","|move|p1a: Clefable|Moonblast|p2a: Corviknight","|-resisted|p2a: Corviknight","|-damage|p2a: Corviknight|287\/400","|-ability|p2a: Corviknight|Mirror Armor","|-unboost|p1a: Clefable|spa|1","|","|-heal|p2a: Corviknight|312\/400|[from] item: Leftovers","|upkeep","|turn|5","|","|switch|p1a: Dragapult|Dragapult, F|317\/317","|move|p2a: Corviknight|Iron Head|p1a: Dragapult","|-damage|p1a: Dragapult|218\/317","|","|-heal|p2a: Corviknight|337\/400|[from] item: Leftovers","|upkeep","|turn|6","|","|move|p1a: Dragapult|Shadow Ball|p2a: Corviknight","|-crit|p2a: Corviknight","|-damage|p2a: Corviknight|150\/400","|-ability|p2a: Corviknight|Mirror Armor","|-unboost|p1a: Dragapult|spd|1","|move|p2a: Corviknight|Taunt|p1a: Dragapult","|-start|p1a: Dragapult|move: Taunt","|","|-heal|p2a: Corviknight|175\/400|[from] item: Leftovers","|upkeep","|turn|7","|","|switch|p2a: Sylveon|Sylveon, F|351\/351","|move|p1a: Dragapult|Flamethrower|p2a: Sylveon","|-damage|p2a: Sylveon|300\/351","|","|-heal|p2a: Sylveon|321\/351|[from] item: Leftovers","|upkeep","|turn|8","|","|switch|p1a: Clefable|Clefable, M|289\/380","|move|p2a: Sylveon|Hyper Voice|p1a: Clefable","|-damage|p1a: Clefable|103\/380","|","|-heal|p2a: Sylveon|342\/351|[from] item: Leftovers","|upkeep","|turn|9","|","|move|p1a: Clefable|Moonlight|p1a: Clefable","|-heal|p1a: Clefable|293\/380","|move|p2a: Sylveon|Hyper Voice|p1a: Clefable","|-damage|p1a: Clefable|110\/380","|","|-heal|p2a: Sylveon|351\/351|[from] item: Leftovers","|upkeep","|turn|10","|","|move|p1a: Clefable|Moonlight|p1a: Clefable","|-heal|p1a: Clefable|300\/380","|move|p2a: Sylveon|Hyper Voice|p1a: Clefable","|-crit|p1a: Clefable","|-damage|p1a: Clefable|33\/380","|","|upkeep","|turn|11","|","|move|p1a: Clefable|Moonlight|p1a: Clefable","|-heal|p1a: Clefable|223\/380","|move|p2a: Sylveon|Hyper Voice|p1a: Clefable","|-damage|p1a: Clefable|49\/380","|","|upkeep","|turn|12","|","|move|p1a: Clefable|Moonlight|p1a: Clefable","|-heal|p1a: Clefable|239\/380","|move|p2a: Sylveon|Hyper Voice|p1a: Clefable","|-damage|p1a: Clefable|47\/380","|","|upkeep","|turn|13","|","|move|p1a: Clefable|Moonlight|p1a: Clefable","|-heal|p1a: Clefable|237\/380","|move|p2a: Sylveon|Hyper Voice|p1a: Clefable","|-damage|p1a: Clefable|68\/380","|","|upkeep","|turn|14","|","|move|p1a: Clefable|Moonlight|p1a: Clefable","|-heal|p1a: Clefable|258\/380","|move|p2a: Sylveon|Wish|p2a: Sylveon","|","|upkeep","|turn|15","|","|switch|p2a: Corviknight|Corviknight, M|175\/400","|move|p1a: Clefable|Thunderbolt|p2a: Corviknight","|-supereffective|p2a: Corviknight","|-damage|p2a: Corviknight|0 fnt","|faint|p2a: Corviknight","|","|upkeep","|","|switch|p2a: Sylveon|Sylveon, F|351\/351","|turn|16","|","|move|p1a: Clefable|Moonblast|p2a: Sylveon","|-crit|p2a: Sylveon","|-damage|p2a: Sylveon|179\/351","|move|p2a: Sylveon|Hyper Voice|p1a: Clefable","|-damage|p1a: Clefable|96\/380","|","|-heal|p2a: Sylveon|200\/351|[from] item: Leftovers","|upkeep","|turn|17","|","|switch|p1a: Ferrothorn|Ferrothorn, M|352\/352","|move|p2a: Sylveon|Hyper Voice|p1a: Ferrothorn","|-resisted|p1a: Ferrothorn","|-damage|p1a: Ferrothorn|291\/352","|","|-heal|p2a: Sylveon|221\/351|[from] item: Leftovers","|-heal|p1a: Ferrothorn|313\/352|[from] item: Leftovers","|upkeep","|turn|18","|","|move|p2a: Sylveon|Mystical Fire|p1a: Ferrothorn","|-supereffective|p1a: Ferrothorn","|-damage|p1a: Ferrothorn|105\/352","|-unboost|p1a: Ferrothorn|spa|1","|move|p1a: Ferrothorn|Gyro Ball|p2a: Sylveon","|-supereffective|p2a: Sylveon","|-damage|p2a: Sylveon|0 fnt","|faint|p2a: Sylveon","|","|-heal|p1a: Ferrothorn|127\/352|[from] item: Leftovers","|upkeep","|","|switch|p2a: Conkeldurr|Conkeldurr, M, shiny|414\/414","|turn|19","|","|move|p2a: Conkeldurr|Mach Punch|p1a: Ferrothorn","|-supereffective|p1a: Ferrothorn","|-damage|p1a: Ferrothorn|17\/352","|-damage|p2a: Conkeldurr|363\/414|[from] ability: Iron Barbs|[of] p1a: Ferrothorn","|move|p1a: Ferrothorn|Knock Off|p2a: Conkeldurr","|-resisted|p2a: Conkeldurr","|-damage|p2a: Conkeldurr|323\/414","|-enditem|p2a: Conkeldurr|Flame Orb|[from] move: Knock Off|[of] p1a: Ferrothorn","|","|-heal|p1a: Ferrothorn|39\/352|[from] item: Leftovers","|upkeep","|turn|20","|","|switch|p1a: Dragapult|Dragapult, F|218\/317","|move|p2a: Conkeldurr|Earthquake|p1a: Dragapult","|-damage|p1a: Dragapult|58\/317","|","|upkeep","|turn|21","|","|switch|p1a: Ferrothorn|Ferrothorn, M|39\/352","|move|p2a: Conkeldurr|Earthquake|p1a: Ferrothorn","|-damage|p1a: Ferrothorn|0 fnt","|faint|p1a: Ferrothorn","|","|upkeep","|","|switch|p1a: Clefable|Clefable, M|96\/380","|turn|22","|","|switch|p2a: Rotom|Rotom-Heat, shiny|248\/304","|move|p1a: Clefable|Moonblast|p2a: Rotom","|-resisted|p2a: Rotom","|-damage|p2a: Rotom|152\/304","|","|-heal|p2a: Rotom|171\/304|[from] item: Leftovers","|upkeep","|turn|23","|","|move|p2a: Rotom|Overheat|p1a: Clefable","|-damage|p1a: Clefable|0 fnt","|-unboost|p2a: Rotom|spa|2","|faint|p1a: Clefable","|","|-heal|p2a: Rotom|190\/304|[from] item: Leftovers","|upkeep","|","|switch|p1a: Dragapult|Dragapult, F|58\/317","|turn|24","|","|move|p1a: Dragapult|Draco Meteor|p2a: Rotom|[miss]","|-miss|p1a: Dragapult|p2a: Rotom","|move|p2a: Rotom|Hex|p1a: Dragapult","|-supereffective|p1a: Dragapult","|-damage|p1a: Dragapult|0 fnt","|faint|p1a: Dragapult","|","|-heal|p2a: Rotom|209\/304|[from] item: Leftovers","|upkeep","|","|switch|p1a: Conkeldurr|Conkeldurr, F|414\/414","|turn|25","|","|move|p2a: Rotom|Overheat|p1a: Conkeldurr","|-damage|p1a: Conkeldurr|306\/414","|-unboost|p2a: Rotom|spa|2","|move|p1a: Conkeldurr|Rock Blast|p2a: Rotom|[miss]","|-miss|p1a: Conkeldurr|p2a: Rotom","|","|-heal|p2a: Rotom|228\/304|[from] item: Leftovers","|-status|p1a: Conkeldurr|brn|[from] item: Flame Orb","|upkeep","|turn|26","|","|switch|p2a: Seismitoad|Seismitoad, M|414\/414","|move|p1a: Conkeldurr|Rock Blast|p2a: Seismitoad","|-resisted|p2a: Seismitoad","|-damage|p2a: Seismitoad|393\/414","|-resisted|p2a: Seismitoad","|-damage|p2a: Seismitoad|372\/414","|-resisted|p2a: Seismitoad","|-damage|p2a: Seismitoad|348\/414","|-hitcount|p2a: Seismitoad|3","|","|-heal|p2a: Seismitoad|373\/414|[from] item: Leftovers","|-damage|p1a: Conkeldurr|281\/414 brn|[from] brn","|upkeep","|turn|27","|","|move|p2a: Seismitoad|Stealth Rock|p1a: Conkeldurr","|-sidestart31387|move: Stealth Rock","|move|p1a: Conkeldurr|Poison Jab|p2a: Seismitoad","|-resisted|p2a: Seismitoad","|-damage|p2a: Seismitoad|307\/414","|-status|p2a: Seismitoad|psn","|","|-heal|p2a: Seismitoad|332\/414 psn|[from] item: Leftovers","|-damage|p2a: Seismitoad|281\/414 psn|[from] psn","|-damage|p1a: Conkeldurr|256\/414 brn|[from] brn","|upkeep","|turn|28","|","|move|p2a: Seismitoad|Earth Power|p1a: Conkeldurr","|-crit|p1a: Conkeldurr","|-damage|p1a: Conkeldurr|63\/414 brn","|move|p1a: Conkeldurr|Rock Blast|p2a: Seismitoad|[miss]","|-miss|p1a: Conkeldurr|p2a: Seismitoad","|","|-heal|p2a: Seismitoad|306\/414 psn|[from] item: Leftovers","|-damage|p2a: Seismitoad|255\/414 psn|[from] psn","|-damage|p1a: Conkeldurr|38\/414 brn|[from] brn","|upkeep","|turn|29","|","|move|p1a: Conkeldurr|Mach Punch|p2a: Seismitoad","|-damage|p2a: Seismitoad|147\/414 psn","|move|p2a: Seismitoad|Earth Power|p1a: Conkeldurr","|-damage|p1a: Conkeldurr|0 fnt","|faint|p1a: Conkeldurr","|","|-heal|p2a: Seismitoad|172\/414 psn|[from] item: Leftovers","|-damage|p2a: Seismitoad|121\/414 psn|[from] psn","|upkeep","|","|switch|p1a: Darmanitan|Darmanitan-Galar, M|352\/352","|-damage|p1a: Darmanitan|264\/352|[from] Stealth Rock","|turn|30","|","|move|p1a: Darmanitan|Ice Punch|p2a: Seismitoad","|-damage|p2a: Seismitoad|0 fnt","|faint|p2a: Seismitoad","|","|upkeep","|","|switch|p2a: Rotom|Rotom-Heat, shiny|228\/304","|turn|31","|","|move|p1a: Darmanitan|Ice Punch|p2a: Rotom","|-resisted|p2a: Rotom","|-damage|p2a: Rotom|149\/304","|move|p2a: Rotom|Will-O-Wisp|p1a: Darmanitan|[miss]","|-miss|p2a: Rotom|p1a: Darmanitan","|","|-heal|p2a: Rotom|168\/304|[from] item: Leftovers","|upkeep","|turn|32","|","|move|p1a: Darmanitan|Ice Punch|p2a: Rotom","|-resisted|p2a: Rotom","|-damage|p2a: Rotom|96\/304","|-status|p2a: Rotom|frz","|cant|p2a: Rotom|frz","|","|-heal|p2a: Rotom|115\/304 frz|[from] item: Leftovers","|upkeep","|turn|33","|","|move|p1a: Darmanitan|Ice Punch|p2a: Rotom","|-resisted|p2a: Rotom","|-damage|p2a: Rotom|37\/304 frz","|cant|p2a: Rotom|frz","|","|-heal|p2a: Rotom|56\/304 frz|[from] item: Leftovers","|upkeep","|turn|34","|","|move|p1a: Darmanitan|Ice Punch|p2a: Rotom","|-resisted|p2a: Rotom","|-damage|p2a: Rotom|0 fnt","|faint|p2a: Rotom","|","|upkeep","|","|switch|p2a: Conkeldurr|Conkeldurr, M, shiny|323\/414","|turn|35","|","|move|p1a: Darmanitan|Ice Punch|p2a: Conkeldurr","|-damage|p2a: Conkeldurr|83\/414","|move|p2a: Conkeldurr|Drain Punch|p1a: Darmanitan","|-supereffective|p1a: Darmanitan","|-damage|p1a: Darmanitan|0 fnt","|-heal|p2a: Conkeldurr|215\/414|[from] drain|[of] p1a: Darmanitan","|faint|p1a: Darmanitan","|","|win|9733","|raw|31387's rating: 1327 &rarr; <strong>1309<\/strong><br \/>(-18 for losing)","|raw|9733's rating: 1366 &rarr; <strong>1383<\/strong><br \/>(+17 for winning)",""],"p1":"31387","p1rating":1327,"p1team":[{"ability":"guts","evs":{"atk":228,"def":0,"hp":252,"spa":0,"spd":0,"spe":4},"happiness":160,"item":"flameorb","ivs":{"atk":31,"def":31,"hp":31,"spa":31,"spd":31,"spe":31},"level":100,"moves":["machpunch","poisonjab","thunderpunch","rockblast"],"name":"Conkeldurr","nature":"Adamant","species":"Conkeldurr"},{"ability":"ironbarbs","evs":{"atk":0,"def":4,"hp":252,"spa":0,"spd":252,"spe":0},"happiness":160,"item":"leftovers","ivs":{"atk":31,"def":31,"hp":31,"spa":31,"spd":31,"spe":0},"level":100,"moves":["leechseed","gyroball","stealthrock","knockoff"],"name":"Ferrothorn","nature":"Relaxed","species":"Ferrothorn"},{"ability":"disguise","evs":{"atk":252,"def":0,"hp":4,"spa":0,"spd":0,"spe":252},"happiness":160,"item":"lifeorb","ivs":{"atk":31,"def":31,"hp":31,"spa":31,"spd":31,"spe":31},"level":100,"moves":["shadowsneak","playrough","drainpunch","swordsdance"],"name":"Mimikyu","nature":"Jolly","species":"Mimikyu"},{"ability":"gorillatactics","evs":{"atk":252,"def":0,"hp":4,"spa":0,"spd":0,"spe":252},"happiness":160,"item":"choicescarf","ivs":{"atk":31,"def":31,"hp":31,"spa":31,"spd":31,"spe":31},"level":100,"moves":["uturn","flareblitz","earthquake","icepunch"],"name":"Darmanitan","nature":"Jolly","species":"darmanitangalar"},{"ability":"infiltrator","evs":{"atk":0,"def":0,"hp":0,"spa":252,"spd":0,"spe":252},"happiness":160,"item":"expertbelt","ivs":{"atk":0,"def":31,"hp":31,"spa":31,"spd":31,"spe":31},"level":100,"moves":["shadowball","dracometeor","flamethrower","thunderbolt"],"name":"Dragapult","nature":"Timid","species":"Dragapult"},{"ability":"magicguard","evs":{"atk":0,"def":0,"hp":196,"spa":252,"spd":0,"spe":60},"happiness":160,"item":"lifeorb","ivs":{"atk":0,"def":31,"hp":31,"spa":31,"spd":31,"spe":31},"level":100,"moves":["moonblast","flamethrower","thunderbolt","moonlight"],"name":"Clefable","nature":"Modest","species":"Clefable"}],"p2":"9733","p2rating":1366,"p2team":[{"ability":"levitate","evs":{"atk":0,"def":0,"hp":0,"spa":252,"spd":4,"spe":252},"gender":"M","happiness":160,"item":"leftovers","ivs":{"atk":0,"def":31,"hp":31,"spa":31,"spd":31,"spe":31},"level":100,"moves":["substitute","nastyplot","flashcannon","darkpulse"],"name":"Hydreigon","nature":"Timid","species":"Hydreigon"},{"ability":"guts","evs":{"atk":252,"def":0,"hp":252,"spa":0,"spd":4,"spe":0},"gender":"M","happiness":160,"item":"flameorb","ivs":{"atk":31,"def":31,"hp":31,"spa":31,"spd":31,"spe":31},"level":100,"moves":["machpunch","drainpunch","earthquake","facade"],"name":"Conkeldurr","nature":"Adamant","shiny":true,"species":"Conkeldurr"},{"ability":"levitate","evs":{"atk":0,"def":252,"hp":252,"spa":0,"spd":0,"spe":4},"gender":"N","happiness":160,"item":"leftovers","ivs":{"atk":0,"def":31,"hp":31,"spa":31,"spd":31,"spe":31},"level":100,"moves":["voltswitch","overheat","willowisp","hex"],"name":"Rotom","nature":"Bold","shiny":true,"species":"rotomheat"},{"ability":"pixilate","evs":{"atk":0,"def":0,"hp":80,"spa":176,"spd":252,"spe":0},"gender":"F","happiness":160,"item":"leftovers","ivs":{"atk":0,"def":31,"hp":31,"spa":31,"spd":31,"spe":31},"level":100,"moves":["hypervoice","mysticalfire","wish","protect"],"name":"Sylveon","nature":"Calm","species":"Sylveon"},{"ability":"mirrorarmor","evs":{"atk":0,"def":200,"hp":252,"spa":0,"spd":56,"spe":0},"gender":"M","happiness":160,"item":"leftovers","ivs":{"atk":31,"def":31,"hp":31,"spa":31,"spd":31,"spe":31},"level":100,"moves":["defog","uturn","taunt","ironhead"],"name":"Corviknight","nature":"Impish","species":"Corviknight"},{"ability":"waterabsorb","evs":{"atk":0,"def":252,"hp":252,"spa":4,"spd":0,"spe":0},"happiness":160,"item":"leftovers","ivs":{"atk":0,"def":31,"hp":31,"spa":31,"spd":31,"spe":31},"level":100,"moves":["scald","earthpower","stealthrock","toxic"],"name":"Seismitoad","nature":"Bold","species":"Seismitoad"}],"roomid":1016989,"score":[0,2],"seed":[42305,49844,9773,503],"timestamp":"Sat Dec 28 2019 04:XX","turns":35,"winner":"9733","rated_battle":true,"average_rating":1346}