{"endType":"forfeit","format":"gen8ou","inputLog":[">version aa9f8c6b9cf4eca780a1296832ecd3b0009641e0",">version-origin 5e8529faaa5905c5f8e15eafaaefa806ee8c7d06",">start {\"formatid\":\"gen8ou\",\"seed\":[26777,14097,14934,55008],\"rated\":\"Rated battle\"}",">player p1 {\"\"name\":\"6528\",\"rating\":1386}",">player p2 {\"\"name\":\"40170\",\"rating\":1383}",">p1 team 4, 2, 3, 1, 5, 6",">p2 team 6, 2, 3, 4, 5, 1",">p1 move uturn",">p2 move stealthrock",">p1 switch 5",">p1 move leechseed",">p2 switch 2",">p1 switch 3",">p2 move closecombat",">p1 move defog",">p2 switch 5",">p1 move uturn",">p2 move calmmind",">p1 switch 4",">p1 move calmmind",">p2 move mysticalfire",">p1 move drainingkiss",">p2 move calmmind",">p1 move calmmind",">p2 move dazzlinggleam",">p1 move psyshock",">p2 move dazzlinggleam",">p2 switch 4",">p1 move drainingkiss",">p2 move uturn",">p2 switch 6",">p1 switch 6",">p1 move firepunch",">p2 move bulkup",">p1 switch 3",">p2 move bulkup",">p1 move leechseed",">p2 move taunt",">p1 switch 4",">p2 move roost",">p1 move foulplay",">p2 move taunt",">p1 move uturn",">p2 move bulkup",">p1 switch 5",">p1 move flareblitz",">p2 move roost",">p1 switch 5",">p2 move bulkup",">p1 move roost",">p2 move taunt",">p1 switch 3",">p2 move bravebird"],"log":["|j|\u26066528","|j|\u260640170","|player|p1|6528|70|1386","|player|p2|40170|48|1383","|teamsize|p1|6","|teamsize|p2|6","|gametype|singles","|gen|8","|tier|[Gen 8] OU","|rated|","|rule|Sleep Clause Mod: Limit one foe put to sleep","|rule|Species Clause: Limit one of each Pok\u00e9mon","|rule|OHKO Clause: OHKO moves are banned","|rule|Evasion Moves Clause: Evasion moves are banned","|rule|Endless Battle Clause: Forcing endless battles is banned","|rule|HP Percentage Mod: HP is shown in percentages","|clearpoke","|poke|p1|Hatterene, F|","|poke|p1|Dugtrio, M|","|poke|p1|Mandibuzz, F|","|poke|p1|Darmanitan-Galar, F|","|poke|p1|Ferrothorn, F|","|poke|p1|Conkeldurr, F|","|poke|p2|Corviknight, F|","|poke|p2|Aegislash, M|","|poke|p2|Toxapex, M|","|poke|p2|Dragapult, M|","|poke|p2|Alcremie, F|","|poke|p2|Mamoswine, M|","|rule|Dynamax Clause: You cannot dynamax","|teampreview","|","|start","|switch|p1a: Darmanitan|Darmanitan-Galar, F|351\/351","|switch|p2a: Mamoswine|Mamoswine, M|362\/362","|turn|1","|","|move|p1a: Darmanitan|U-turn|p2a: Mamoswine","|-damage|p2a: Mamoswine|209\/362","|","|switch|p1a: Ferrothorn|Ferrothorn, F|352\/352","|move|p2a: Mamoswine|Stealth Rock|p1a: Ferrothorn","|-sidestart6528|move: Stealth Rock","|","|upkeep","|turn|2","|","|switch|p2a: Aegislash|Aegislash, M|324\/324","|move|p1a: Ferrothorn|Leech Seed|p2a: Aegislash","|-start|p2a: Aegislash|move: Leech Seed","|","|-damage|p2a: Aegislash|284\/324|[from] Leech Seed|[of] p1a: Ferrothorn","|upkeep","|turn|3","|j| EXAKTScience","|","|switch|p1a: Mandibuzz|Mandibuzz, F|423\/423","|-formechange|p2a: Aegislash|Aegislash-Blade||[from] ability: Stance Change","|move|p2a: Aegislash|Close Combat|p1a: Mandibuzz","|-damage|p1a: Mandibuzz|309\/423","|-unboost|p2a: Aegislash|def|1","|-unboost|p2a: Aegislash|spd|1","|","|-damage|p2a: Aegislash|244\/324|[from] Leech Seed|[of] p1a: Mandibuzz","|-heal|p1a: Mandibuzz|349\/423|[silent]","|upkeep","|turn|4","|","|switch|p2a: Alcremie|Alcremie, F|271\/271","|move|p1a: Mandibuzz|Defog|p2a: Alcremie","|-unboost|p2a: Alcremie|evasion|1","|-sideend6528|Stealth Rock|[from] move: Defog|[of] p1a: Mandibuzz","|","|upkeep","|turn|5","|","|move|p1a: Mandibuzz|U-turn|p2a: Alcremie","|-resisted|p2a: Alcremie","|-damage|p2a: Alcremie|251\/271","|","|switch|p1a: Hatterene|Hatterene, F|318\/318","|move|p2a: Alcremie|Calm Mind|p2a: Alcremie","|-boost|p2a: Alcremie|spa|1","|-boost|p2a: Alcremie|spd|1","|","|-heal|p2a: Alcremie|267\/271|[from] item: Leftovers","|upkeep","|turn|6","|","|move|p2a: Alcremie|Mystical Fire|p1a: Hatterene","|-damage|p1a: Hatterene|202\/318","|-unboost|p1a: Hatterene|spa|1","|move|p1a: Hatterene|Calm Mind|p1a: Hatterene","|-boost|p1a: Hatterene|spa|1","|-boost|p1a: Hatterene|spd|1","|","|-heal|p2a: Alcremie|271\/271|[from] item: Leftovers","|-heal|p1a: Hatterene|221\/318|[from] item: Leftovers","|upkeep","|turn|7","|","|move|p2a: Alcremie|Calm Mind|p2a: Alcremie","|-boost|p2a: Alcremie|spa|1","|-boost|p2a: Alcremie|spd|1","|move|p1a: Hatterene|Draining Kiss|p2a: Alcremie","|-damage|p2a: Alcremie|238\/271","|-heal|p1a: Hatterene|246\/318|[from] drain|[of] p2a: Alcremie","|","|-heal|p2a: Alcremie|254\/271|[from] item: Leftovers","|-heal|p1a: Hatterene|265\/318|[from] item: Leftovers","|upkeep","|turn|8","|","|move|p2a: Alcremie|Dazzling Gleam|p1a: Hatterene","|-damage|p1a: Hatterene|114\/318","|move|p1a: Hatterene|Calm Mind|p1a: Hatterene","|-boost|p1a: Hatterene|spa|1","|-boost|p1a: Hatterene|spd|1","|","|-heal|p2a: Alcremie|270\/271|[from] item: Leftovers","|-heal|p1a: Hatterene|133\/318|[from] item: Leftovers","|upkeep","|turn|9","|","|move|p2a: Alcremie|Dazzling Gleam|p1a: Hatterene","|-damage|p1a: Hatterene|13\/318","|move|p1a: Hatterene|Psyshock|p2a: Alcremie","|-damage|p2a: Alcremie|0 fnt","|faint|p2a: Alcremie","|","|-heal|p1a: Hatterene|32\/318|[from] item: Leftovers","|upkeep","|","|switch|p2a: Dragapult|Dragapult, M|317\/317","|turn|10","|","|move|p2a: Dragapult|U-turn|p1a: Hatterene","|-damage|p1a: Hatterene|0 fnt","|faint|p1a: Hatterene","|","|switch|p2a: Corviknight|Corviknight, F|400\/400","|","|upkeep","|","|switch|p1a: Conkeldurr|Conkeldurr, F|414\/414","|turn|11","|","|move|p2a: Corviknight|Bulk Up|p2a: Corviknight","|-boost|p2a: Corviknight|atk|1","|-boost|p2a: Corviknight|def|1","|move|p1a: Conkeldurr|Fire Punch|p2a: Corviknight","|-supereffective|p2a: Corviknight","|-damage|p2a: Corviknight|278\/400","|-damage|p1a: Conkeldurr|345\/414|[from] item: Rocky Helmet|[of] p2a: Corviknight","|","|upkeep","|turn|12","|","|switch|p1a: Ferrothorn|Ferrothorn, F|352\/352","|move|p2a: Corviknight|Bulk Up|p2a: Corviknight","|-boost|p2a: Corviknight|atk|1","|-boost|p2a: Corviknight|def|1","|","|upkeep","|turn|13","|","|move|p2a: Corviknight|Taunt|p1a: Ferrothorn","|-start|p1a: Ferrothorn|move: Taunt","|cant|p1a: Ferrothorn|move: Taunt|Leech Seed","|","|upkeep","|turn|14","|","|switch|p1a: Mandibuzz|Mandibuzz, F|349\/423","|move|p2a: Corviknight|Roost|p2a: Corviknight","|-heal|p2a: Corviknight|400\/400","|-singleturn|p2a: Corviknight|move: Roost","|","|upkeep","|turn|15","|","|move|p1a: Mandibuzz|Foul Play|p2a: Corviknight","|-damage|p2a: Corviknight|328\/400","|-damage|p1a: Mandibuzz|279\/423|[from] item: Rocky Helmet|[of] p2a: Corviknight","|move|p2a: Corviknight|Taunt|p1a: Mandibuzz","|-start|p1a: Mandibuzz|move: Taunt","|","|upkeep","|turn|16","|","|move|p1a: Mandibuzz|U-turn|p2a: Corviknight","|-resisted|p2a: Corviknight","|-damage|p2a: Corviknight|325\/400","|-damage|p1a: Mandibuzz|209\/423|[from] item: Rocky Helmet|[of] p2a: Corviknight","|","|switch|p1a: Darmanitan|Darmanitan-Galar, F|351\/351","|move|p2a: Corviknight|Bulk Up|p2a: Corviknight","|-boost|p2a: Corviknight|atk|1","|-boost|p2a: Corviknight|def|1","|","|upkeep","|turn|17","|","|move|p1a: Darmanitan|Flare Blitz|p2a: Corviknight","|-supereffective|p2a: Corviknight","|-damage|p2a: Corviknight|209\/400","|-damage|p1a: Darmanitan|293\/351|[from] item: Rocky Helmet|[of] p2a: Corviknight","|-status|p2a: Corviknight|brn","|-damage|p1a: Darmanitan|255\/351|[from] Recoil","|move|p2a: Corviknight|Roost|p2a: Corviknight","|-heal|p2a: Corviknight|400\/400 brn","|-singleturn|p2a: Corviknight|move: Roost","|","|-damage|p2a: Corviknight|375\/400 brn|[from] brn","|upkeep","|turn|18","|","|switch|p1a: Mandibuzz|Mandibuzz, F|209\/423","|move|p2a: Corviknight|Bulk Up|p2a: Corviknight","|-boost|p2a: Corviknight|atk|1","|-boost|p2a: Corviknight|def|1","|","|-damage|p2a: Corviknight|350\/400 brn|[from] brn","|upkeep","|turn|19","|","|move|p1a: Mandibuzz|Roost|p1a: Mandibuzz","|-heal|p1a: Mandibuzz|421\/423","|-singleturn|p1a: Mandibuzz|move: Roost","|move|p2a: Corviknight|Taunt|p1a: Mandibuzz","|-start|p1a: Mandibuzz|move: Taunt","|","|-damage|p2a: Corviknight|325\/400 brn|[from] brn","|upkeep","|turn|20","|","|switch|p1a: Conkeldurr|Conkeldurr, F|345\/414","|move|p2a: Corviknight|Brave Bird|p1a: Conkeldurr","|-supereffective|p1a: Conkeldurr","|-damage|p1a: Conkeldurr|0 fnt","|-damage|p2a: Corviknight|211\/400 brn|[from] Recoil","|faint|p1a: Conkeldurr","|","|-damage|p2a: Corviknight|186\/400 brn|[from] brn","|upkeep","|-message|6528 forfeited.","|","|win|40170","|l|\u26066528","|raw|6528's rating: 1386 &rarr; <strong>1366<\/strong><br \/>(-20 for losing)","|raw|40170's rating: 1384 &rarr; <strong>1404<\/strong><br \/>(+20 for winning)",""],"p1":"6528","p1rating":1386,"p1team":[{"ability":"magicbounce","evs":{"atk":0,"def":0,"hp":252,"spa":252,"spd":4,"spe":0},"gender":"F","happiness":160,"item":"leftovers","ivs":{"atk":0,"def":31,"hp":31,"spa":31,"spd":31,"spe":31},"level":100,"moves":["calmmind","drainingkiss","mysticalfire","psyshock"],"name":"Hatterene","nature":"Modest","species":"Hatterene"},{"ability":"arenatrap","evs":{"atk":252,"def":0,"hp":0,"spa":0,"spd":4,"spe":252},"happiness":160,"item":"choiceband","ivs":{"atk":31,"def":31,"hp":31,"spa":31,"spd":31,"spe":31},"level":100,"moves":["suckerpunch","earthquake","stoneedge","shadowclaw"],"name":"Dugtrio","nature":"Jolly","species":"Dugtrio"},{"ability":"overcoat","evs":{"atk":0,"def":76,"hp":248,"spa":0,"spd":184,"spe":0},"gender":"F","happiness":160,"item":"heavydutyboots","ivs":{"atk":31,"def":31,"hp":31,"spa":31,"spd":31,"spe":31},"level":100,"moves":["roost","uturn","defog","foulplay"],"name":"Mandibuzz","nature":"Careful","species":"Mandibuzz"},{"ability":"gorillatactics","evs":{"atk":252,"def":0,"hp":0,"spa":0,"spd":4,"spe":252},"happiness":160,"item":"choicescarf","ivs":{"atk":31,"def":31,"hp":31,"spa":31,"spd":31,"spe":31},"level":100,"moves":["uturn","iciclecrash","flareblitz","earthquake"],"name":"Darmanitan","nature":"Jolly","species":"darmanitangalar"},{"ability":"ironbarbs","evs":{"atk":4,"def":252,"hp":252,"spa":0,"spd":0,"spe":0},"happiness":160,"item":"leftovers","ivs":{"atk":31,"def":31,"hp":31,"spa":31,"spd":31,"spe":0},"level":100,"moves":["stealthrock","leechseed","gyroball","protect"],"name":"Ferrothorn","nature":"Relaxed","species":"Ferrothorn"},{"ability":"ironfist","evs":{"atk":252,"def":0,"hp":252,"spa":0,"spd":4,"spe":0},"happiness":160,"item":"assaultvest","ivs":{"atk":31,"def":31,"hp":31,"spa":31,"spd":31,"spe":31},"level":100,"moves":["machpunch","drainpunch","icepunch","firepunch"],"name":"Conkeldurr","nature":"Adamant","species":"Conkeldurr"}],"p2":"40170","p2rating":1383,"p2team":[{"ability":"mirrorarmor","evs":{"atk":0,"def":252,"hp":252,"spa":0,"spd":0,"spe":0},"happiness":160,"item":"rockyhelmet","ivs":{"atk":31,"def":31,"hp":31,"spa":31,"spd":31,"spe":31},"level":100,"moves":["roost","bulkup","bravebird","taunt"],"name":"Corviknight","nature":"Impish","species":"Corviknight"},{"ability":"stancechange","evs":{"atk":0,"def":252,"hp":252,"spa":0,"spd":4,"spe":0},"happiness":160,"item":"ironball","ivs":{"atk":31,"def":31,"hp":31,"spa":31,"spd":31,"spe":0},"level":100,"moves":["kingsshield","gyroball","closecombat","shadowball"],"name":"Aegislash","nature":"Relaxed","species":"Aegislash"},{"ability":"regenerator","evs":{"atk":0,"def":132,"hp":252,"spa":0,"spd":124,"spe":0},"happiness":160,"item":"blacksludge","ivs":{"atk":0,"def":31,"hp":31,"spa":31,"spd":31,"spe":31},"level":100,"moves":["banefulbunker","toxic","recover","venoshock"],"name":"Toxapex","nature":"Calm","species":"Toxapex"},{"ability":"infiltrator","evs":{"atk":252,"def":0,"hp":0,"spa":0,"spd":4,"spe":252},"happiness":160,"item":"choicescarf","ivs":{"atk":31,"def":31,"hp":31,"spa":31,"spd":31,"spe":31},"level":100,"moves":["steelwing","dragondarts","uturn","psychicfangs"],"name":"Dragapult","nature":"Adamant","species":"Dragapult"},{"ability":"aromaveil","evs":{"atk":0,"def":88,"hp":0,"spa":252,"spd":168,"spe":0},"gender":"F","happiness":160,"item":"leftovers","ivs":{"atk":0,"def":31,"hp":31,"spa":31,"spd":31,"spe":31},"level":100,"moves":["calmmind","dazzlinggleam","gigadrain","mysticalfire"],"name":"Alcremie","nature":"Calm","species":"Alcremie"},{"ability":"thickfat","evs":{"atk":252,"def":0,"hp":4,"spa":0,"spd":0,"spe":252},"happiness":160,"item":"focussash","ivs":{"atk":31,"def":31,"hp":31,"spa":31,"spd":31,"spe":31},"level":100,"moves":["stealthrock","earthquake","iciclecrash","stoneedge"],"name":"Mamoswine","nature":"Jolly","species":"Mamoswine"}],"roomid":1022348,"score":[4,5],"seed":[26777,14097,14934,55008],"timestamp":"Sat Dec 28 2019 22:XX","turns":20,"winner":"40170","rated_battle":true,"average_rating":1384}