{"endType":"forfeit","format":"gen8ou","inputLog":[">version aa9f8c6b9cf4eca780a1296832ecd3b0009641e0",">version-origin 5e8529faaa5905c5f8e15eafaaefa806ee8c7d06",">start {\"formatid\":\"gen8ou\",\"seed\":[28321,32672,40143,61755],\"rated\":\"Rated battle\"}",">player p1 {\"\"name\":\"121398\",\"rating\":1353}",">player p2 {\"\"name\":\"73073\",\"rating\":1380}",">p1 team 1, 2, 3, 4, 5, 6",">p2 team 4, 2, 3, 1, 5, 6",">p1 move stoneedge",">p2 move willowisp",">p2 switch 2",">p1 switch 3",">p2 move swordsdance",">p1 move bodypress",">p2 move earthquake",">p1 switch 4",">p2 move earthquake",">p1 switch 4",">p2 move earthquake",">p1 switch 5",">p1 move shadowball",">p2 switch 4",">p1 switch 4",">p2 move crunch",">p1 move airslash",">p2 switch 6",">p1 switch 3",">p2 switch 3",">p1 move superpower",">p2 move bodypress",">p1 switch 2",">p1 move earthquake",">p2 move bodypress",">p2 switch 4",">p1 switch 3",">p2 move earthquake",">p1 move flamethrower",">p2 move ironhead",">p2 switch 5",">p1 move nastyplot",">p2 move mysticalfire",">p1 move substitute",">p2 move trickroom",">p1 move airslash",">p2 move psychic",">p1 move airslash",">p2 move psychic",">p1 switch 6",">p1 move uturn",">p2 switch 6",">p1 switch 3",">p1 move earthquake",">p2 move earthquake",">p2 switch 6",">p1 move ironhead",">p2 move trickroom"],"log":["|j|\u2606121398","|j|\u260673073","|player|p1|121398|102|1353","|player|p2|73073|bellepa|1380","|teamsize|p1|6","|teamsize|p2|6","|gametype|singles","|gen|8","|tier|[Gen 8] OU","|rated|","|rule|Sleep Clause Mod: Limit one foe put to sleep","|rule|Species Clause: Limit one of each Pok\u00e9mon","|rule|OHKO Clause: OHKO moves are banned","|rule|Evasion Moves Clause: Evasion moves are banned","|rule|Endless Battle Clause: Forcing endless battles is banned","|rule|HP Percentage Mod: HP is shown in percentages","|clearpoke","|poke|p1|Tyranitar, M|","|poke|p1|Excadrill, M|","|poke|p1|Ferrothorn, F|","|poke|p1|Togekiss, F|","|poke|p1|Gengar, F|","|poke|p1|Cinderace, M|","|poke|p2|Tyranitar, F|","|poke|p2|Excadrill, F|","|poke|p2|Ferrothorn, M|","|poke|p2|Rotom-Wash|","|poke|p2|Hatterene, F|","|poke|p2|Gengar, M|","|rule|Dynamax Clause: You cannot dynamax","|teampreview","|","|start","|switch|p1a: Tyranitar|Tyranitar, M|341\/341","|switch|p2a: Rotom|Rotom-Wash|241\/241","|-weather|Sandstorm|[from] ability: Sand Stream|[of] p1a: Tyranitar","|turn|1","|","|move|p2a: Rotom|Will-O-Wisp|p1a: Tyranitar|[miss]","|-miss|p2a: Rotom|p1a: Tyranitar","|move|p1a: Tyranitar|Stone Edge|p2a: Rotom","|-damage|p2a: Rotom|0 fnt","|faint|p2a: Rotom","|","|-weather|Sandstorm|[upkeep]","|upkeep","|","|switch|p2a: Excadrill|Excadrill, F|361\/361","|-item|p2a: Excadrill|Air Balloon","|turn|2","|","|switch|p1a: Ferrothorn|Ferrothorn, F|352\/352","|move|p2a: Excadrill|Swords Dance|p2a: Excadrill","|-boost|p2a: Excadrill|atk|2","|","|-weather|Sandstorm|[upkeep]","|upkeep","|turn|3","|","|move|p2a: Excadrill|Earthquake|p1a: Ferrothorn","|-damage|p1a: Ferrothorn|127\/352","|move|p1a: Ferrothorn|Body Press|p2a: Excadrill","|-supereffective|p2a: Excadrill","|-damage|p2a: Excadrill|33\/361","|-enditem|p2a: Excadrill|Air Balloon","|","|-weather|Sandstorm|[upkeep]","|-heal|p1a: Ferrothorn|149\/352|[from] item: Leftovers","|upkeep","|turn|4","|","|switch|p1a: Togekiss|Togekiss, F|311\/311","|move|p2a: Excadrill|Earthquake|p1a: Togekiss","|-immune|p1a: Togekiss","|","|-weather|Sandstorm|[upkeep]","|-damage|p1a: Togekiss|292\/311|[from] Sandstorm","|-heal|p1a: Togekiss|311\/311|[from] item: Leftovers","|upkeep","|turn|5","|","|switch|p1a: Ferrothorn|Ferrothorn, F|149\/352","|move|p2a: Excadrill|Earthquake|p1a: Ferrothorn","|-damage|p1a: Ferrothorn|0 fnt","|faint|p1a: Ferrothorn","|","|-weather|none","|upkeep","|","|switch|p1a: Gengar|Gengar, F|261\/261","|turn|6","|","|switch|p2a: Tyranitar|Tyranitar, F|401\/401","|-weather|Sandstorm|[from] ability: Sand Stream|[of] p2a: Tyranitar","|move|p1a: Gengar|Shadow Ball|p2a: Tyranitar","|-resisted|p2a: Tyranitar","|-damage|p2a: Tyranitar|351\/401","|","|-weather|Sandstorm|[upkeep]","|-damage|p1a: Gengar|245\/261|[from] Sandstorm","|upkeep","|turn|7","|","|switch|p1a: Togekiss|Togekiss, F|311\/311","|move|p2a: Tyranitar|Crunch|p1a: Togekiss","|-resisted|p1a: Togekiss","|-damage|p1a: Togekiss|185\/311","|","|-weather|Sandstorm|[upkeep]","|-damage|p1a: Togekiss|166\/311|[from] Sandstorm","|-heal|p1a: Togekiss|185\/311|[from] item: Leftovers","|upkeep","|turn|8","|","|switch|p2a: Gengar|Gengar, M|261\/261","|move|p1a: Togekiss|Air Slash|p2a: Gengar|[miss]","|-miss|p1a: Togekiss|p2a: Gengar","|","|-weather|Sandstorm|[upkeep]","|-damage|p2a: Gengar|245\/261|[from] Sandstorm","|-damage|p1a: Togekiss|166\/311|[from] Sandstorm","|-heal|p1a: Togekiss|185\/311|[from] item: Leftovers","|upkeep","|turn|9","|","|switch|p2a: Ferrothorn|Ferrothorn, M|351\/351","|switch|p1a: Tyranitar|Tyranitar, M|341\/341","|","|-weather|Sandstorm|[upkeep]","|upkeep","|turn|10","|","|move|p1a: Tyranitar|Superpower|p2a: Ferrothorn","|-supereffective|p2a: Ferrothorn","|-damage|p2a: Ferrothorn|51\/351","|-damage|p1a: Tyranitar|299\/341|[from] ability: Iron Barbs|[of] p2a: Ferrothorn","|-damage|p1a: Tyranitar|243\/341|[from] item: Rocky Helmet|[of] p2a: Ferrothorn","|-unboost|p1a: Tyranitar|atk|1","|-unboost|p1a: Tyranitar|def|1","|move|p2a: Ferrothorn|Body Press|p1a: Tyranitar","|-supereffective|p1a: Tyranitar","|-damage|p1a: Tyranitar|0 fnt","|faint|p1a: Tyranitar","|","|-weather|none","|upkeep","|","|switch|p1a: Excadrill|Excadrill, M|361\/361","|turn|11","|","|move|p1a: Excadrill|Earthquake|p2a: Ferrothorn","|-damage|p2a: Ferrothorn|0 fnt","|faint|p2a: Ferrothorn","|","|upkeep","|","|switch|p2a: Excadrill|Excadrill, F|33\/361","|turn|12","|","|switch|p1a: Togekiss|Togekiss, F|185\/311","|move|p2a: Excadrill|Earthquake|p1a: Togekiss","|-immune|p1a: Togekiss","|","|-heal|p1a: Togekiss|204\/311|[from] item: Leftovers","|upkeep","|turn|13","|","|move|p1a: Togekiss|Flamethrower|p2a: Excadrill","|-supereffective|p2a: Excadrill","|-damage|p2a: Excadrill|0 fnt","|faint|p2a: Excadrill","|","|-heal|p1a: Togekiss|223\/311|[from] item: Leftovers","|upkeep","|","|switch|p2a: Hatterene|Hatterene, F|318\/318","|turn|14","|","|move|p1a: Togekiss|Nasty Plot|p1a: Togekiss","|-boost|p1a: Togekiss|spa|2","|move|p2a: Hatterene|Mystical Fire|p1a: Togekiss","|-damage|p1a: Togekiss|131\/311","|-unboost|p1a: Togekiss|spa|1","|","|-heal|p1a: Togekiss|150\/311|[from] item: Leftovers","|upkeep","|turn|15","|","|move|p1a: Togekiss|Substitute|p1a: Togekiss","|-start|p1a: Togekiss|Substitute","|-damage|p1a: Togekiss|73\/311","|move|p2a: Hatterene|Trick Room|p2a: Hatterene","|-fieldstart|move: Trick Room|[of] p2a: Hatterene","|","|-heal|p1a: Togekiss|92\/311|[from] item: Leftovers","|upkeep","|turn|16","|","|move|p2a: Hatterene|Psychic|p1a: Togekiss","|-end|p1a: Togekiss|Substitute","|move|p1a: Togekiss|Air Slash|p2a: Hatterene","|-damage|p2a: Hatterene|128\/318","|","|-heal|p2a: Hatterene|147\/318|[from] item: Leftovers","|-heal|p1a: Togekiss|111\/311|[from] item: Leftovers","|upkeep","|turn|17","|","|move|p2a: Hatterene|Psychic|p1a: Togekiss","|-damage|p1a: Togekiss|0 fnt","|faint|p1a: Togekiss","|","|-heal|p2a: Hatterene|166\/318|[from] item: Leftovers","|upkeep","|","|switch|p1a: Cinderace|Cinderace, M|301\/301","|turn|18","|","|switch|p2a: Tyranitar|Tyranitar, F|351\/401","|-weather|Sandstorm|[from] ability: Sand Stream|[of] p2a: Tyranitar","|move|p1a: Cinderace|U-turn|p2a: Tyranitar","|-supereffective|p2a: Tyranitar","|-damage|p2a: Tyranitar|211\/401","|","|switch|p1a: Excadrill|Excadrill, M|361\/361","|","|-weather|Sandstorm|[upkeep]","|upkeep","|turn|19","|","|move|p2a: Tyranitar|Earthquake|p1a: Excadrill","|-supereffective|p1a: Excadrill","|-enditem|p1a: Excadrill|Focus Sash","|-damage|p1a: Excadrill|1\/361","|move|p1a: Excadrill|Earthquake|p2a: Tyranitar","|-supereffective|p2a: Tyranitar","|-damage|p2a: Tyranitar|0 fnt","|faint|p2a: Tyranitar","|","|-weather|Sandstorm|[upkeep]","|-fieldend|move: Trick Room","|upkeep","|","|switch|p2a: Hatterene|Hatterene, F|166\/318","|turn|20","|","|move|p1a: Excadrill|Iron Head|p2a: Hatterene","|-supereffective|p2a: Hatterene","|-damage|p2a: Hatterene|0 fnt","|faint|p2a: Hatterene","|","|-weather|Sandstorm|[upkeep]","|upkeep","|-message|73073 forfeited.","|","|win|121398","|l|\u260673073","|raw|121398's rating: 1353 &rarr; <strong>1375<\/strong><br \/>(+22 for winning)","|raw|73073's rating: 1380 &rarr; <strong>1358<\/strong><br \/>(-22 for losing)",""],"p1":"121398","p1rating":1353,"p1team":[{"ability":"sandstream","evs":{"atk":252,"def":0,"hp":0,"spa":0,"spd":88,"spe":168},"happiness":160,"item":"choiceband","ivs":{"atk":31,"def":31,"hp":31,"spa":31,"spd":31,"spe":31},"level":100,"moves":["superpower","stoneedge","icepunch","crunch"],"name":"Tyranitar","nature":"Adamant","species":"Tyranitar"},{"ability":"sandrush","evs":{"atk":252,"def":0,"hp":0,"spa":0,"spd":4,"spe":252},"happiness":160,"item":"focussash","ivs":{"atk":31,"def":31,"hp":31,"spa":31,"spd":31,"spe":31},"level":100,"moves":["earthquake","ironhead","stealthrock","rapidspin"],"name":"Excadrill","nature":"Jolly","species":"Excadrill"},{"ability":"ironbarbs","evs":{"atk":0,"def":252,"hp":252,"spa":0,"spd":4,"spe":0},"happiness":160,"item":"leftovers","ivs":{"atk":31,"def":31,"hp":31,"spa":31,"spd":31,"spe":0},"level":100,"moves":["spikes","leechseed","bodypress","gyroball"],"name":"Ferrothorn","nature":"Relaxed","species":"Ferrothorn"},{"ability":"serenegrace","evs":{"atk":0,"def":0,"hp":0,"spa":252,"spd":4,"spe":252},"happiness":160,"item":"leftovers","ivs":{"atk":0,"def":31,"hp":31,"spa":31,"spd":31,"spe":31},"level":100,"moves":["nastyplot","airslash","flamethrower","substitute"],"name":"Togekiss","nature":"Timid","species":"Togekiss"},{"ability":"cursedbody","evs":{"atk":0,"def":0,"hp":0,"spa":252,"spd":4,"spe":252},"happiness":160,"item":"choicescarf","ivs":{"atk":0,"def":31,"hp":31,"spa":31,"spd":31,"spe":31},"level":100,"moves":["destinybond","sludgewave","shadowball","thunderbolt"],"name":"Gengar","nature":"Modest","species":"Gengar"},{"ability":"blaze","evs":{"atk":252,"def":4,"hp":0,"spa":0,"spd":0,"spe":252},"happiness":160,"item":"heavydutyboots","ivs":{"atk":31,"def":31,"hp":31,"spa":31,"spd":31,"spe":31},"level":100,"moves":["courtchange","pyroball","highjumpkick","uturn"],"name":"Cinderace","nature":"Jolly","species":"Cinderace"}],"p2":"73073","p2rating":1380,"p2team":[{"ability":"sandstream","evs":{"atk":252,"def":0,"hp":240,"spa":0,"spd":4,"spe":12},"happiness":160,"item":"choiceband","ivs":{"atk":31,"def":31,"hp":31,"spa":31,"spd":31,"spe":31},"level":100,"moves":["crunch","superpower","earthquake","stoneedge"],"name":"Tyranitar","nature":"Adamant","species":"Tyranitar"},{"ability":"sandrush","evs":{"atk":252,"def":0,"hp":0,"spa":0,"spd":4,"spe":252},"happiness":160,"item":"airballoon","ivs":{"atk":31,"def":31,"hp":31,"spa":31,"spd":31,"spe":31},"level":100,"moves":["earthquake","ironhead","rapidspin","swordsdance"],"name":"Excadrill","nature":"Adamant","species":"Excadrill"},{"ability":"ironbarbs","evs":{"atk":8,"def":252,"hp":248,"spa":0,"spd":0,"spe":0},"happiness":160,"item":"rockyhelmet","ivs":{"atk":31,"def":31,"hp":31,"spa":31,"spd":31,"spe":31},"level":100,"moves":["bodypress","leechseed","stealthrock","knockoff"],"name":"Ferrothorn","nature":"Impish","species":"Ferrothorn"},{"ability":"levitate","evs":{"atk":0,"def":0,"hp":0,"spa":252,"spd":4,"spe":252},"gender":"N","happiness":160,"item":"leftovers","ivs":{"atk":0,"def":31,"hp":31,"spa":31,"spd":31,"spe":31},"level":100,"moves":["voltswitch","hydropump","willowisp","nastyplot"],"name":"Rotom","nature":"Timid","species":"rotomwash"},{"ability":"magicbounce","evs":{"atk":0,"def":0,"hp":252,"spa":252,"spd":4,"spe":0},"gender":"F","happiness":160,"item":"leftovers","ivs":{"atk":0,"def":31,"hp":31,"spa":31,"spd":31,"spe":31},"level":100,"moves":["psychic","dazzlinggleam","trickroom","mysticalfire"],"name":"Hatterene","nature":"Quiet","species":"Hatterene"},{"ability":"cursedbody","evs":{"atk":0,"def":0,"hp":0,"spa":252,"spd":4,"spe":252},"happiness":160,"item":"choicescarf","ivs":{"atk":0,"def":31,"hp":31,"spa":31,"spd":31,"spe":31},"level":100,"moves":["shadowball","dazzlinggleam","sludgewave","trick"],"name":"Gengar","nature":"Timid","species":"Gengar"}],"roomid":1016257,"score":[3,1],"seed":[28321,32672,40143,61755],"timestamp":"Sat Dec 28 2019 03:XX","turns":20,"winner":"121398","rated_battle":true,"average_rating":1366}