{"endType":"normal","format":"gen8ou","inputLog":[">version aa9f8c6b9cf4eca780a1296832ecd3b0009641e0",">version-origin 5e8529faaa5905c5f8e15eafaaefa806ee8c7d06",">start {\"formatid\":\"gen8ou\",\"seed\":[34664,17224,33925,29231],\"rated\":\"Rated battle\"}",">player p1 {\"\"name\":\"47525\",\"rating\":1312}",">player p2 {\"\"name\":\"75235\",\"rating\":1362}",">p1 team 4, 2, 3, 1, 5, 6",">p2 team 6, 2, 3, 4, 5, 1",">p1 switch 5",">p2 move willowisp",">p1 move moonblast",">p2 move voltswitch",">p2 switch 6",">p1 switch 2",">p2 move pyroball",">p1 move willowisp",">p2 switch 2",">p1 switch 5",">p2 move calmmind",">p1 move ironhead",">p2 move gigadrain",">p1 move ironhead",">p2 move gigadrain",">p1 switch 6",">p2 move gigadrain",">p1 move substitute",">p2 switch 5",">p1 move firefang",">p2 move earthquake",">p1 switch 3",">p2 move stealthrock",">p1 move defog",">p2 switch 5",">p1 move uturn",">p2 move drainingkiss",">p1 switch 6",">p1 move ironhead",">p2 move gigadrain",">p1 switch 3",">p1 move boltbeak",">p2 move drainingkiss",">p2 switch 5",">p1 move firefang",">p2 switch 3",">p1 switch 6",">p2 move dracometeor",">p1 move uturn",">p2 switch 2",">p1 switch 5",">p1 move strengthsap",">p2 move uturn",">p2 switch 2",">p1 move hex",">p2 move thunderbolt",">p1 move strengthsap",">p2 switch 3",">p1 move hex",">p2 switch 4",">p1 move willowisp",">p2 move taunt",">p1 move hex",">p2 move knockoff",">p1 switch 2",">p2 move knockoff",">p1 move moonblast",">p2 switch 2",">p1 switch 2",">p2 move pyroball",">p1 switch 6",">p1 move dragonclaw",">p2 move pyroball",">p2 switch 4",">p1 switch 5",">p2 move earthquake",">p1 move foulplay",">p2 move stealthrock",">p2 switch 6",">p1 move roost",">p2 move willowisp",">p1 move defog",">p2 move hydropump",">p1 move roost",">p2 move voltswitch",">p2 switch 2",">p1 move uturn",">p2 move taunt",">p1 switch 5",">p1 move boltbeak",">p2 move knockoff",">p2 switch 3",">p1 move boltbeak",">p2 move uturn",">p2 switch 2",">p1 move boltbeak",">p2 move rest",">p1 move boltbeak",">p2 move voltswitch",">p1 move dragonclaw",">p2 move hydropump",">p1 move boltbeak",">p2 move hydropump",">p1 switch 4",">p1 move freezedry",">p2 move voltswitch",">p2 switch 2",">p1 move freezedry",">p2 move thunderbolt"],"log":["|j|\u260647525","|j|\u260675235","|player|p1|47525|192|1312","|player|p2|75235|170|1362","|teamsize|p1|6","|teamsize|p2|6","|gametype|singles","|gen|8","|tier|[Gen 8] OU","|rated|","|rule|Sleep Clause Mod: Limit one foe put to sleep","|rule|Species Clause: Limit one of each Pok\u00e9mon","|rule|OHKO Clause: OHKO moves are banned","|rule|Evasion Moves Clause: Evasion moves are banned","|rule|Endless Battle Clause: Forcing endless battles is banned","|rule|HP Percentage Mod: HP is shown in percentages","|clearpoke","|poke|p1|Mr. Rime, F|","|poke|p1|Jellicent, M|","|poke|p1|Mandibuzz, F|","|poke|p1|Steelix, F|","|poke|p1|Clefable, M|","|poke|p1|Dracozolt|","|poke|p2|Cinderace, F|","|poke|p2|Hatterene, F|","|poke|p2|Dragapult, F|","|poke|p2|Mandibuzz, F|","|poke|p2|Excadrill, F|","|poke|p2|Rotom-Wash|","|rule|Dynamax Clause: You cannot dynamax","|teampreview","|","|start","|switch|p1a: Steelix|Steelix, F|353\/353","|switch|p2a: Rotom|Rotom-Wash|304\/304","|turn|1","|","|switch|p1a: Clefable|Clefable, M|379\/379","|move|p2a: Rotom|Will-O-Wisp|p1a: Clefable","|-status|p1a: Clefable|brn","|","|upkeep","|turn|2","|","|move|p2a: Rotom|Volt Switch|p1a: Clefable","|-damage|p1a: Clefable|277\/379 brn","|","|switch|p2a: Cinderace|Cinderace, F|301\/301","|move|p1a: Clefable|Moonblast|p2a: Cinderace","|-resisted|p2a: Cinderace","|-damage|p2a: Cinderace|181\/301","|","|upkeep","|turn|3","|","|switch|p1a: Jellicent|Jellicent, M|404\/404","|move|p2a: Cinderace|Pyro Ball|p1a: Jellicent","|-resisted|p1a: Jellicent","|-damage|p1a: Jellicent|306\/404","|","|upkeep","|turn|4","|","|switch|p2a: Hatterene|Hatterene, F|304\/304","|move|p1a: Jellicent|Will-O-Wisp|p2a: Hatterene","|move|p2a: Hatterene|Will-O-Wisp|p1a: Jellicent|[from]Magic Bounce","|-status|p1a: Jellicent|brn","|","|-damage|p1a: Jellicent|281\/404 brn|[from] brn","|upkeep","|turn|5","|","|switch|p1a: Steelix|Steelix, F|353\/353","|move|p2a: Hatterene|Calm Mind|p2a: Hatterene","|-boost|p2a: Hatterene|spa|1","|-boost|p2a: Hatterene|spd|1","|","|upkeep","|turn|6","|","|move|p2a: Hatterene|Giga Drain|p1a: Steelix","|-damage|p1a: Steelix|199\/353","|move|p1a: Steelix|Iron Head|p2a: Hatterene","|-supereffective|p2a: Hatterene","|-damage|p2a: Hatterene|146\/304","|","|-heal|p2a: Hatterene|165\/304|[from] item: Leftovers","|-heal|p1a: Steelix|221\/353|[from] item: Leftovers","|upkeep","|turn|7","|","|move|p2a: Hatterene|Giga Drain|p1a: Steelix","|-damage|p1a: Steelix|65\/353","|-heal|p2a: Hatterene|243\/304|[from] drain|[of] p1a: Steelix","|move|p1a: Steelix|Iron Head|p2a: Hatterene","|-supereffective|p2a: Hatterene","|-damage|p2a: Hatterene|81\/304","|","|-heal|p2a: Hatterene|100\/304|[from] item: Leftovers","|-heal|p1a: Steelix|87\/353|[from] item: Leftovers","|upkeep","|turn|8","|","|switch|p1a: Dracozolt|Dracozolt|331\/331","|move|p2a: Hatterene|Giga Drain|p1a: Dracozolt","|-resisted|p1a: Dracozolt","|-damage|p1a: Dracozolt|221\/331","|-heal|p2a: Hatterene|155\/304|[from] drain|[of] p1a: Dracozolt","|","|-heal|p1a: Dracozolt|241\/331|[from] item: Leftovers","|-heal|p2a: Hatterene|174\/304|[from] item: Leftovers","|upkeep","|turn|9","|","|switch|p2a: Excadrill|Excadrill, F|361\/361","|-ability|p2a: Excadrill|Mold Breaker","|move|p1a: Dracozolt|Substitute|p1a: Dracozolt","|-start|p1a: Dracozolt|Substitute","|-damage|p1a: Dracozolt|159\/331","|","|-heal|p1a: Dracozolt|179\/331|[from] item: Leftovers","|upkeep","|turn|10","|","|move|p2a: Excadrill|Earthquake|p1a: Dracozolt","|-supereffective|p1a: Dracozolt","|-end|p1a: Dracozolt|Substitute","|move|p1a: Dracozolt|Fire Fang|p2a: Excadrill","|-supereffective|p2a: Excadrill","|-damage|p2a: Excadrill|133\/361","|","|-heal|p1a: Dracozolt|199\/331|[from] item: Leftovers","|upkeep","|turn|11","|","|switch|p1a: Mandibuzz|Mandibuzz, F|421\/421","|move|p2a: Excadrill|Stealth Rock|p1a: Mandibuzz","|-sidestart47525|move: Stealth Rock","|","|upkeep","|turn|12","|","|switch|p2a: Hatterene|Hatterene, F|174\/304","|move|p1a: Mandibuzz|Defog|p2a: Hatterene","|move|p2a: Hatterene|Defog|p1a: Mandibuzz|[from]Magic Bounce","|-unboost|p1a: Mandibuzz|evasion|1","|-sideend47525|Stealth Rock|[from] move: Defog|[of] p2a: Hatterene","|","|-heal|p2a: Hatterene|193\/304|[from] item: Leftovers","|upkeep","|turn|13","|","|move|p1a: Mandibuzz|U-turn|p2a: Hatterene","|-crit|p2a: Hatterene","|-damage|p2a: Hatterene|128\/304","|","|switch|p1a: Steelix|Steelix, F|87\/353","|move|p2a: Hatterene|Draining Kiss|p1a: Steelix","|-resisted|p1a: Steelix","|-damage|p1a: Steelix|37\/353","|-heal|p2a: Hatterene|166\/304|[from] drain|[of] p1a: Steelix","|","|-heal|p2a: Hatterene|185\/304|[from] item: Leftovers","|-heal|p1a: Steelix|59\/353|[from] item: Leftovers","|upkeep","|turn|14","|","|move|p2a: Hatterene|Giga Drain|p1a: Steelix","|-damage|p1a: Steelix|0 fnt","|-heal|p2a: Hatterene|215\/304|[from] drain|[of] p1a: Steelix","|faint|p1a: Steelix","|","|-heal|p2a: Hatterene|234\/304|[from] item: Leftovers","|upkeep","|","|switch|p1a: Dracozolt|Dracozolt|199\/331","|turn|15","|","|move|p1a: Dracozolt|Bolt Beak|p2a: Hatterene","|-damage|p2a: Hatterene|0 fnt","|faint|p2a: Hatterene","|","|-heal|p1a: Dracozolt|219\/331|[from] item: Leftovers","|upkeep","|","|switch|p2a: Excadrill|Excadrill, F|133\/361","|-ability|p2a: Excadrill|Mold Breaker","|turn|16","|","|switch|p2a: Dragapult|Dragapult, F|317\/317","|move|p1a: Dracozolt|Fire Fang|p2a: Dragapult|[miss]","|-miss|p1a: Dracozolt|p2a: Dragapult","|","|-heal|p1a: Dracozolt|239\/331|[from] item: Leftovers","|upkeep","|turn|17","|","|switch|p1a: Mandibuzz|Mandibuzz, F|421\/421","|move|p2a: Dragapult|Draco Meteor|p1a: Mandibuzz","|-damage|p1a: Mandibuzz|265\/421","|-unboost|p2a: Dragapult|spa|2","|","|upkeep","|turn|18","|","|switch|p2a: Cinderace|Cinderace, F|181\/301","|move|p1a: Mandibuzz|U-turn|p2a: Cinderace","|-resisted|p2a: Cinderace","|-damage|p2a: Cinderace|155\/301","|","|switch|p1a: Jellicent|Jellicent, M|281\/404 brn","|","|-damage|p1a: Jellicent|256\/404 brn|[from] brn","|upkeep","|turn|19","|","|move|p2a: Cinderace|U-turn|p1a: Jellicent","|-resisted|p1a: Jellicent","|-damage|p1a: Jellicent|217\/404 brn","|","|switch|p2a: Dragapult|Dragapult, F|317\/317","|move|p1a: Jellicent|Strength Sap|p2a: Dragapult","|-unboost|p2a: Dragapult|atk|1","|-heal|p1a: Jellicent|404\/404 brn","|","|-damage|p1a: Jellicent|379\/404 brn|[from] brn","|upkeep","|turn|20","|","|move|p2a: Dragapult|Thunderbolt|p1a: Jellicent","|-supereffective|p1a: Jellicent","|-damage|p1a: Jellicent|199\/404 brn","|move|p1a: Jellicent|Hex|p2a: Dragapult","|-supereffective|p2a: Dragapult","|-damage|p2a: Dragapult|149\/317","|","|-damage|p1a: Jellicent|174\/404 brn|[from] brn","|upkeep","|turn|21","|","|switch|p2a: Excadrill|Excadrill, F|133\/361","|-ability|p2a: Excadrill|Mold Breaker","|move|p1a: Jellicent|Strength Sap|p2a: Excadrill","|-unboost|p2a: Excadrill|atk|1","|-heal|p1a: Jellicent|404\/404 brn","|","|-damage|p1a: Jellicent|379\/404 brn|[from] brn","|upkeep","|turn|22","|","|switch|p2a: Mandibuzz|Mandibuzz, F|423\/423","|move|p1a: Jellicent|Hex|p2a: Mandibuzz","|-resisted|p2a: Mandibuzz","|-crit|p2a: Mandibuzz","|-damage|p2a: Mandibuzz|389\/423","|","|-damage|p1a: Jellicent|354\/404 brn|[from] brn","|upkeep","|turn|23","|","|move|p2a: Mandibuzz|Taunt|p1a: Jellicent","|-start|p1a: Jellicent|move: Taunt","|cant|p1a: Jellicent|move: Taunt|Will-O-Wisp","|","|-damage|p1a: Jellicent|329\/404 brn|[from] brn","|upkeep","|turn|24","|","|move|p2a: Mandibuzz|Knock Off|p1a: Jellicent","|-supereffective|p1a: Jellicent","|-damage|p1a: Jellicent|183\/404 brn","|-enditem|p1a: Jellicent|Kasib Berry|[from] move: Knock Off|[of] p2a: Mandibuzz","|move|p1a: Jellicent|Hex|p2a: Mandibuzz","|-resisted|p2a: Mandibuzz","|-damage|p2a: Mandibuzz|362\/423","|","|-damage|p1a: Jellicent|158\/404 brn|[from] brn","|upkeep","|turn|25","|","|switch|p1a: Clefable|Clefable, M|277\/379 brn","|move|p2a: Mandibuzz|Knock Off|p1a: Clefable","|-resisted|p1a: Clefable","|-damage|p1a: Clefable|223\/379 brn","|-enditem|p1a: Clefable|Life Orb|[from] move: Knock Off|[of] p2a: Mandibuzz","|","|upkeep","|turn|26","|","|switch|p2a: Cinderace|Cinderace, F|155\/301","|move|p1a: Clefable|Moonblast|p2a: Cinderace","|-resisted|p2a: Cinderace","|-damage|p2a: Cinderace|53\/301","|","|upkeep","|turn|27","|","|switch|p1a: Jellicent|Jellicent, M|158\/404 brn","|move|p2a: Cinderace|Pyro Ball|p1a: Jellicent","|-resisted|p1a: Jellicent","|-crit|p1a: Jellicent","|-damage|p1a: Jellicent|0 fnt","|faint|p1a: Jellicent","|","|upkeep","|","|switch|p1a: Dracozolt|Dracozolt|239\/331","|turn|28","|","|move|p2a: Cinderace|Pyro Ball|p1a: Dracozolt","|-resisted|p1a: Dracozolt","|-damage|p1a: Dracozolt|68\/331","|-status|p1a: Dracozolt|brn","|move|p1a: Dracozolt|Dragon Claw|p2a: Cinderace","|-damage|p2a: Cinderace|0 fnt","|faint|p2a: Cinderace","|","|-heal|p1a: Dracozolt|88\/331 brn|[from] item: Leftovers","|-damage|p1a: Dracozolt|68\/331 brn|[from] brn","|upkeep","|","|switch|p2a: Excadrill|Excadrill, F|133\/361","|-ability|p2a: Excadrill|Mold Breaker","|turn|29","|","|switch|p1a: Mandibuzz|Mandibuzz, F|265\/421","|move|p2a: Excadrill|Earthquake|p1a: Mandibuzz","|-immune|p1a: Mandibuzz","|","|upkeep","|turn|30","|","|move|p2a: Excadrill|Stealth Rock|p1a: Mandibuzz","|-sidestart47525|move: Stealth Rock","|move|p1a: Mandibuzz|Foul Play|p2a: Excadrill","|-damage|p2a: Excadrill|0 fnt","|faint|p2a: Excadrill","|","|upkeep","|","|switch|p2a: Rotom|Rotom-Wash|304\/304","|turn|31","|","|move|p2a: Rotom|Will-O-Wisp|p1a: Mandibuzz","|-status|p1a: Mandibuzz|brn","|move|p1a: Mandibuzz|Roost|p1a: Mandibuzz","|-heal|p1a: Mandibuzz|421\/421 brn","|-singleturn|p1a: Mandibuzz|move: Roost","|","|-damage|p1a: Mandibuzz|395\/421 brn|[from] brn","|upkeep","|turn|32","|","|move|p2a: Rotom|Hydro Pump|p1a: Mandibuzz","|-damage|p1a: Mandibuzz|289\/421 brn","|move|p1a: Mandibuzz|Defog|p2a: Rotom","|-unboost|p2a: Rotom|evasion|1","|-sideend47525|Stealth Rock|[from] move: Defog|[of] p1a: Mandibuzz","|","|-damage|p1a: Mandibuzz|263\/421 brn|[from] brn","|upkeep","|turn|33","|","|move|p2a: Rotom|Volt Switch|p1a: Mandibuzz","|-supereffective|p1a: Mandibuzz","|-damage|p1a: Mandibuzz|119\/421 brn","|","|switch|p2a: Mandibuzz|Mandibuzz, F|362\/423","|move|p1a: Mandibuzz|Roost|p1a: Mandibuzz","|-heal|p1a: Mandibuzz|330\/421 brn","|-singleturn|p1a: Mandibuzz|move: Roost","|","|-damage|p1a: Mandibuzz|304\/421 brn|[from] brn","|upkeep","|turn|34","|","|move|p2a: Mandibuzz|Taunt|p1a: Mandibuzz","|-start|p1a: Mandibuzz|move: Taunt","|move|p1a: Mandibuzz|U-turn|p2a: Mandibuzz","|-damage|p2a: Mandibuzz|343\/423","|","|switch|p1a: Dracozolt|Dracozolt|68\/331 brn","|","|-heal|p1a: Dracozolt|88\/331 brn|[from] item: Leftovers","|-damage|p1a: Dracozolt|68\/331 brn|[from] brn","|upkeep","|turn|35","|","|move|p1a: Dracozolt|Bolt Beak|p2a: Mandibuzz","|-supereffective|p2a: Mandibuzz","|-crit|p2a: Mandibuzz","|-damage|p2a: Mandibuzz|0 fnt","|faint|p2a: Mandibuzz","|","|-heal|p1a: Dracozolt|88\/331 brn|[from] item: Leftovers","|-damage|p1a: Dracozolt|68\/331 brn|[from] brn","|upkeep","|","|switch|p2a: Dragapult|Dragapult, F|149\/317","|turn|36","|","|move|p2a: Dragapult|U-turn|p1a: Dracozolt","|-damage|p1a: Dracozolt|2\/331 brn","|","|switch|p2a: Rotom|Rotom-Wash|304\/304","|move|p1a: Dracozolt|Bolt Beak|p2a: Rotom","|-damage|p2a: Rotom|201\/304","|","|-heal|p1a: Dracozolt|22\/331 brn|[from] item: Leftovers","|-damage|p1a: Dracozolt|2\/331 brn|[from] brn","|upkeep","|turn|37","|","|move|p1a: Dracozolt|Bolt Beak|p2a: Rotom","|-damage|p2a: Rotom|98\/304","|move|p2a: Rotom|Rest|p2a: Rotom","|-status|p2a: Rotom|slp|[from] move: Rest","|-heal|p2a: Rotom|304\/304 slp|[silent]","|-enditem|p2a: Rotom|Chesto Berry|[eat]","|-curestatus|p2a: Rotom|slp|[msg]","|","|-heal|p1a: Dracozolt|22\/331 brn|[from] item: Leftovers","|-damage|p1a: Dracozolt|2\/331 brn|[from] brn","|upkeep","|turn|38","|","|move|p1a: Dracozolt|Bolt Beak|p2a: Rotom","|-damage|p2a: Rotom|216\/304","|move|p2a: Rotom|Volt Switch|p1a: Dracozolt","|-heal|p1a: Dracozolt|84\/331 brn|[from] ability: Volt Absorb|[of] p2a: Rotom","|","|-heal|p1a: Dracozolt|104\/331 brn|[from] item: Leftovers","|-damage|p1a: Dracozolt|84\/331 brn|[from] brn","|upkeep","|turn|39","|","|move|p1a: Dracozolt|Dragon Claw|p2a: Rotom","|-damage|p2a: Rotom|170\/304","|move|p2a: Rotom|Hydro Pump|p1a: Dracozolt|[miss]","|-miss|p2a: Rotom|p1a: Dracozolt","|","|-heal|p1a: Dracozolt|104\/331 brn|[from] item: Leftovers","|-damage|p1a: Dracozolt|84\/331 brn|[from] brn","|upkeep","|turn|40","|","|move|p1a: Dracozolt|Bolt Beak|p2a: Rotom","|-damage|p2a: Rotom|68\/304","|move|p2a: Rotom|Hydro Pump|p1a: Dracozolt","|-resisted|p1a: Dracozolt","|-damage|p1a: Dracozolt|0 fnt","|faint|p1a: Dracozolt","|","|upkeep","|","|switch|p1a: Mr. Rime|Mr. Rime, F|331\/331","|turn|41","|","|move|p1a: Mr. Rime|Freeze-Dry|p2a: Rotom","|-supereffective|p2a: Rotom","|-damage|p2a: Rotom|0 fnt","|faint|p2a: Rotom","|","|upkeep","|","|switch|p2a: Dragapult|Dragapult, F|149\/317","|turn|42","|","|move|p2a: Dragapult|Thunderbolt|p1a: Mr. Rime","|-damage|p1a: Mr. Rime|247\/331","|move|p1a: Mr. Rime|Freeze-Dry|p2a: Dragapult","|-supereffective|p2a: Dragapult","|-damage|p2a: Dragapult|0 fnt","|faint|p2a: Dragapult","|","|win|47525","|raw|47525's rating: 1312 &rarr; <strong>1335<\/strong><br \/>(+23 for winning)","|raw|75235's rating: 1362 &rarr; <strong>1339<\/strong><br \/>(-23 for losing)",""],"p1":"47525","p1rating":1312,"p1team":[{"ability":"screencleaner","evs":{"atk":0,"def":0,"hp":120,"spa":252,"spd":0,"spe":136},"happiness":160,"item":"heavydutyboots","ivs":{"atk":0,"def":31,"hp":31,"spa":31,"spd":31,"spe":31},"level":100,"moves":["freezedry","psyshock","calmmind","slackoff"],"name":"Mr. Rime","nature":"Modest","species":"Mr. Rime"},{"ability":"waterabsorb","evs":{"atk":0,"def":172,"hp":252,"spa":0,"spd":0,"spe":84},"happiness":160,"item":"kasibberry","ivs":{"atk":0,"def":31,"hp":31,"spa":31,"spd":31,"spe":31},"level":100,"moves":["hex","willowisp","taunt","strengthsap"],"name":"Jellicent","nature":"Bold","species":"Jellicent"},{"ability":"overcoat","evs":{"atk":28,"def":24,"hp":240,"spa":0,"spd":216,"spe":0},"gender":"F","happiness":160,"item":"heavydutyboots","ivs":{"atk":31,"def":31,"hp":31,"spa":31,"spd":31,"spe":31},"level":100,"moves":["foulplay","uturn","defog","roost"],"name":"Mandibuzz","nature":"Careful","species":"Mandibuzz"},{"ability":"sturdy","evs":{"atk":0,"def":12,"hp":248,"spa":0,"spd":248,"spe":0},"happiness":160,"item":"leftovers","ivs":{"atk":31,"def":31,"hp":31,"spa":31,"spd":31,"spe":31},"level":100,"moves":["ironhead","bodypress","irondefense","stealthrock"],"name":"Steelix","nature":"Careful","species":"Steelix"},{"ability":"magicguard","evs":{"atk":0,"def":0,"hp":192,"spa":252,"spd":0,"spe":64},"happiness":160,"item":"lifeorb","ivs":{"atk":0,"def":31,"hp":31,"spa":31,"spd":31,"spe":31},"level":100,"moves":["moonblast","flamethrower","thunderbolt","moonlight"],"name":"Clefable","nature":"Modest","species":"Clefable"},{"ability":"voltabsorb","evs":{"atk":252,"def":0,"hp":40,"spa":0,"spd":0,"spe":216},"gender":"N","happiness":160,"item":"leftovers","ivs":{"atk":31,"def":31,"hp":31,"spa":31,"spd":31,"spe":31},"level":100,"moves":["boltbeak","dragonclaw","firefang","substitute"],"name":"Dracozolt","nature":"Adamant","species":"Dracozolt"}],"p2":"75235","p2rating":1362,"p2team":[{"ability":"blaze","evs":{"atk":252,"def":0,"hp":0,"spa":0,"spd":4,"spe":252},"happiness":160,"item":"heavydutyboots","ivs":{"atk":31,"def":31,"hp":31,"spa":31,"spd":31,"spe":31},"level":100,"moves":["suckerpunch","uturn","pyroball","courtchange"],"name":"Cinderace","nature":"Jolly","species":"Cinderace"},{"ability":"magicbounce","evs":{"atk":0,"def":0,"hp":196,"spa":252,"spd":0,"spe":60},"gender":"F","happiness":160,"item":"leftovers","ivs":{"atk":0,"def":31,"hp":31,"spa":31,"spd":31,"spe":31},"level":100,"moves":["calmmind","gigadrain","drainingkiss","psychic"],"name":"Hatterene","nature":"Modest","species":"Hatterene"},{"ability":"infiltrator","evs":{"atk":0,"def":0,"hp":0,"spa":252,"spd":4,"spe":252},"happiness":160,"item":"choicescarf","ivs":{"atk":31,"def":31,"hp":31,"spa":31,"spd":31,"spe":31},"level":100,"moves":["dracometeor","shadowball","thunderbolt","uturn"],"name":"Dragapult","nature":"Timid","species":"Dragapult"},{"ability":"overcoat","evs":{"atk":0,"def":8,"hp":248,"spa":0,"spd":252,"spe":0},"gender":"F","happiness":160,"item":"heavydutyboots","ivs":{"atk":31,"def":31,"hp":31,"spa":31,"spd":31,"spe":31},"level":100,"moves":["knockoff","taunt","roost","uturn"],"name":"Mandibuzz","nature":"Careful","species":"Mandibuzz"},{"ability":"moldbreaker","evs":{"atk":252,"def":0,"hp":0,"spa":0,"spd":4,"spe":252},"happiness":160,"item":"focussash","ivs":{"atk":31,"def":31,"hp":31,"spa":31,"spd":31,"spe":31},"level":100,"moves":["earthquake","ironhead","rapidspin","stealthrock"],"name":"Excadrill","nature":"Jolly","species":"Excadrill"},{"ability":"levitate","evs":{"atk":0,"def":252,"hp":252,"spa":4,"spd":0,"spe":0},"gender":"N","happiness":160,"item":"chestoberry","ivs":{"atk":0,"def":31,"hp":31,"spa":31,"spd":31,"spe":31},"level":100,"moves":["willowisp","voltswitch","hydropump","rest"],"name":"Rotom","nature":"Bold","species":"rotomwash"}],"roomid":1020072,"score":[3,0],"seed":[34664,17224,33925,29231],"timestamp":"Sat Dec 28 2019 10:XX","turns":42,"winner":"47525","rated_battle":true,"average_rating":1337}