{"endType":"normal","format":"gen8ou","inputLog":[">version aa9f8c6b9cf4eca780a1296832ecd3b0009641e0",">version-origin 5e8529faaa5905c5f8e15eafaaefa806ee8c7d06",">start {\"formatid\":\"gen8ou\",\"seed\":[13219,295,22984,33284],\"rated\":\"Rated battle\"}",">player p1 {\"\"name\":\"34\",\"rating\":1486}",">player p2 {\"\"name\":\"8999\",\"rating\":1489}",">p1 team 6, 2, 3, 4, 5, 1",">p2 team 2, 1, 3, 4, 5, 6",">p1 switch 5",">p2 move earthquake",">p1 move protect",">p2 switch 4",">p1 move wish",">p2 move ironhead",">p1 switch 2",">p1 move trick",">p2 switch 5",">p1 move voltswitch",">p2 move scald",">p1 switch 5",">p1 move facade",">p2 switch 5",">p1 switch 4",">p2 move ironhead",">p1 move uturn",">p2 move taunt",">p1 switch 5",">p1 move voltswitch",">p2 move roost",">p1 switch 5",">p2 switch 4",">p1 move uturn",">p2 move drainpunch",">p1 switch 6",">p1 switch 5",">p2 move thunderpunch",">p1 move overheat",">p2 move machpunch",">p1 switch 4",">p1 move closecombat",">p2 move drainpunch",">p2 switch 6",">p1 switch 5",">p2 move swordsdance",">p1 move haze",">p2 move shadowclaw",">p1 move recover",">p2 switch 3",">p1 switch 6",">p2 move stealthrock",">p1 move ironhead",">p2 move iciclecrash",">p1 move defog",">p2 switch 5",">p1 move uturn",">p2 move scald",">p1 switch 5",">p1 move earthquake",">p2 move scald",">p1 move machpunch",">p2 move scald",">p2 switch 3",">p1 switch 6",">p2 move playrough",">p1 switch 5",">p2 move swordsdance",">p1 switch 5",">p2 move shadowclaw",">p1 move recover",">p2 move shadowclaw",">p1 move haze",">p2 move shadowclaw",">p1 move recover",">p2 move shadowclaw",">p1 switch 3",">p1 move darkpulse",">p2 move playrough",">p1 switch 5",">p1 move ironhead",">p2 switch 5",">p1 move ironhead",">p2 move iciclecrash",">p2 switch 2",">p1 move roost",">p2 move flamethrower",">p1 switch 6",">p1 move machpunch",">p2 move flamethrower"],"log":["|j|\u260634","|j|\u26068999","|player|p1|34|102|1486","|player|p2|8999|102|1489","|teamsize|p1|6","|teamsize|p2|6","|gametype|singles","|gen|8","|tier|[Gen 8] OU","|rated|","|rule|Sleep Clause Mod: Limit one foe put to sleep","|rule|Species Clause: Limit one of each Pok\u00e9mon","|rule|OHKO Clause: OHKO moves are banned","|rule|Evasion Moves Clause: Evasion moves are banned","|rule|Endless Battle Clause: Forcing endless battles is banned","|rule|HP Percentage Mod: HP is shown in percentages","|clearpoke","|poke|p1|Toxapex, F|","|poke|p1|Rotom-Heat|","|poke|p1|Hydreigon, F|","|poke|p1|Corviknight, F|","|poke|p1|Clefable, F|","|poke|p1|Conkeldurr, M|","|poke|p2|Hydreigon, F|","|poke|p2|Conkeldurr, F|","|poke|p2|Mamoswine, F|","|poke|p2|Corviknight, M|","|poke|p2|Milotic, F|","|poke|p2|Mimikyu, M|","|rule|Dynamax Clause: You cannot dynamax","|teampreview","|","|start","|switch|p1a: Conkeldurr|Conkeldurr, M|351\/351","|switch|p2a: Conkeldurr|Conkeldurr, F|410\/410","|turn|1","|","|switch|p1a: Clefable|Clefable, F|394\/394","|move|p2a: Conkeldurr|Earthquake|p1a: Clefable","|-damage|p1a: Clefable|212\/394","|","|-heal|p1a: Clefable|236\/394|[from] item: Leftovers","|-status|p2a: Conkeldurr|brn|[from] item: Flame Orb","|upkeep","|turn|2","|","|switch|p2a: Corviknight|Corviknight, M|337\/337","|-ability|p2a: Corviknight|Pressure","|move|p1a: Clefable|Protect||[still]","|-fail|p1a: Clefable","|","|-heal|p1a: Clefable|260\/394|[from] item: Leftovers","|upkeep","|turn|3","|","|move|p2a: Corviknight|Iron Head|p1a: Clefable","|-supereffective|p1a: Clefable","|-damage|p1a: Clefable|0 fnt","|faint|p1a: Clefable","|","|upkeep","|","|switch|p1a: Rotom|Rotom-Heat|304\/304","|turn|4","|","|switch|p2a: Milotic|Milotic, F|394\/394","|move|p1a: Rotom|Trick|p2a: Milotic","|-activate|p1a: Rotom|move: Trick|[of] p2a: Milotic","|-item|p2a: Milotic|Choice Scarf|[from] move: Trick","|-item|p1a: Rotom|Flame Orb|[from] move: Trick","|","|upkeep","|turn|5","|","|move|p2a: Milotic|Scald|p1a: Rotom","|-supereffective|p1a: Rotom","|-damage|p1a: Rotom|128\/304","|move|p1a: Rotom|Volt Switch|p2a: Milotic","|-supereffective|p2a: Milotic","|-damage|p2a: Milotic|262\/394","|","|switch|p1a: Conkeldurr|Conkeldurr, M|351\/351","|","|-status|p1a: Conkeldurr|brn|[from] item: Flame Orb","|upkeep","|turn|6","|","|switch|p2a: Corviknight|Corviknight, M|337\/337","|-ability|p2a: Corviknight|Pressure","|move|p1a: Conkeldurr|Facade|p2a: Corviknight","|-resisted|p2a: Corviknight","|-damage|p2a: Corviknight|207\/337","|","|-damage|p1a: Conkeldurr|330\/351 brn|[from] brn","|upkeep","|turn|7","|","|switch|p1a: Corviknight|Corviknight, F|400\/400","|-ability|p1a: Corviknight|Pressure","|move|p2a: Corviknight|Iron Head|p1a: Corviknight","|-resisted|p1a: Corviknight","|-damage|p1a: Corviknight|342\/400","|","|-heal|p1a: Corviknight|367\/400|[from] item: Leftovers","|upkeep","|turn|8","|","|move|p2a: Corviknight|Taunt|p1a: Corviknight","|-start|p1a: Corviknight|move: Taunt","|move|p1a: Corviknight|U-turn|p2a: Corviknight","|-resisted|p2a: Corviknight","|-damage|p2a: Corviknight|196\/337","|","|switch|p1a: Rotom|Rotom-Heat|128\/304","|","|upkeep","|turn|9","|","|move|p1a: Rotom|Volt Switch|p2a: Corviknight","|-supereffective|p2a: Corviknight","|-damage|p2a: Corviknight|0 fnt","|faint|p2a: Corviknight","|","|switch|p1a: Corviknight|Corviknight, F|367\/400","|-ability|p1a: Corviknight|Pressure","|","|-heal|p1a: Corviknight|392\/400|[from] item: Leftovers","|upkeep","|","|switch|p2a: Conkeldurr|Conkeldurr, F|410\/410 brn","|turn|10","|","|move|p1a: Corviknight|U-turn|p2a: Conkeldurr","|-resisted|p2a: Conkeldurr","|-damage|p2a: Conkeldurr|383\/410 brn","|","|switch|p1a: Toxapex|Toxapex, F|304\/304","|move|p2a: Conkeldurr|Drain Punch|p1a: Toxapex","|-resisted|p1a: Toxapex","|-crit|p1a: Toxapex","|-damage|p1a: Toxapex|217\/304","|-heal|p2a: Conkeldurr|410\/410 brn|[from] drain|[of] p1a: Toxapex","|","|-heal|p1a: Toxapex|236\/304|[from] item: Black Sludge","|-damage|p2a: Conkeldurr|385\/410 brn|[from] brn","|upkeep","|turn|11","|","|switch|p1a: Rotom|Rotom-Heat|128\/304","|move|p2a: Conkeldurr|Thunder Punch|p1a: Rotom","|-resisted|p1a: Rotom","|-damage|p1a: Rotom|57\/304","|","|-damage|p2a: Conkeldurr|360\/410 brn|[from] brn","|upkeep","|turn|12","|","|move|p2a: Conkeldurr|Mach Punch|p1a: Rotom","|-damage|p1a: Rotom|0 fnt","|faint|p1a: Rotom","|","|-damage|p2a: Conkeldurr|335\/410 brn|[from] brn","|upkeep","|","|switch|p1a: Conkeldurr|Conkeldurr, M|330\/351 brn","|turn|13","|","|move|p1a: Conkeldurr|Close Combat|p2a: Conkeldurr","|-damage|p2a: Conkeldurr|0 fnt","|-unboost|p1a: Conkeldurr|def|1","|-unboost|p1a: Conkeldurr|spd|1","|faint|p2a: Conkeldurr","|","|-damage|p1a: Conkeldurr|309\/351 brn|[from] brn","|upkeep","|","|switch|p2a: Mimikyu|Mimikyu, M|251\/251","|turn|14","|","|switch|p1a: Toxapex|Toxapex, F|304\/304","|move|p2a: Mimikyu|Swords Dance|p2a: Mimikyu","|-boost|p2a: Mimikyu|atk|2","|","|upkeep","|turn|15","|","|move|p2a: Mimikyu|Shadow Claw|p1a: Toxapex","|-damage|p1a: Toxapex|162\/304","|-damage|p2a: Mimikyu|226\/251|[from] item: Life Orb","|move|p1a: Toxapex|Haze|p1a: Toxapex","|-clearallboost","|","|-heal|p1a: Toxapex|181\/304|[from] item: Black Sludge","|upkeep","|turn|16","|","|switch|p2a: Mamoswine|Mamoswine, F|361\/361","|move|p1a: Toxapex|Recover|p1a: Toxapex","|-heal|p1a: Toxapex|304\/304","|","|upkeep","|turn|17","|","|switch|p1a: Corviknight|Corviknight, F|392\/400","|-ability|p1a: Corviknight|Pressure","|move|p2a: Mamoswine|Stealth Rock|p1a: Corviknight","|-sidestart34|move: Stealth Rock","|","|-heal|p1a: Corviknight|400\/400|[from] item: Leftovers","|upkeep","|turn|18","|","|move|p2a: Mamoswine|Icicle Crash|p1a: Corviknight|[miss]","|-miss|p2a: Mamoswine|p1a: Corviknight","|move|p1a: Corviknight|Iron Head|p2a: Mamoswine","|-supereffective|p2a: Mamoswine","|-damage|p2a: Mamoswine|169\/361","|","|upkeep","|turn|19","|","|switch|p2a: Milotic|Milotic, F|262\/394","|move|p1a: Corviknight|Defog|p2a: Milotic","|-unboost|p2a: Milotic|evasion|1","|-sideend34|Stealth Rock|[from] move: Defog|[of] p1a: Corviknight","|","|upkeep","|turn|20","|","|move|p2a: Milotic|Scald|p1a: Corviknight","|-damage|p1a: Corviknight|324\/400","|-status|p1a: Corviknight|brn","|move|p1a: Corviknight|U-turn|p2a: Milotic","|-damage|p2a: Milotic|243\/394","|","|switch|p1a: Conkeldurr|Conkeldurr, M|309\/351 brn","|","|-damage|p1a: Conkeldurr|288\/351 brn|[from] brn","|upkeep","|turn|21","|","|move|p2a: Milotic|Scald|p1a: Conkeldurr","|-damage|p1a: Conkeldurr|150\/351 brn","|move|p1a: Conkeldurr|Earthquake|p2a: Milotic","|-damage|p2a: Milotic|66\/394","|","|-damage|p1a: Conkeldurr|129\/351 brn|[from] brn","|upkeep","|turn|22","|","|move|p1a: Conkeldurr|Mach Punch|p2a: Milotic","|-damage|p2a: Milotic|0 fnt","|faint|p2a: Milotic","|","|-damage|p1a: Conkeldurr|108\/351 brn|[from] brn","|upkeep","|","|switch|p2a: Mimikyu|Mimikyu, M|226\/251","|turn|23","|","|switch|p1a: Toxapex|Toxapex, F|304\/304","|move|p2a: Mimikyu|Play Rough|p1a: Toxapex","|-resisted|p1a: Toxapex","|-damage|p1a: Toxapex|259\/304","|-damage|p2a: Mimikyu|201\/251|[from] item: Life Orb","|","|-heal|p1a: Toxapex|278\/304|[from] item: Black Sludge","|upkeep","|turn|24","|","|switch|p1a: Corviknight|Corviknight, F|324\/400 brn","|-ability|p1a: Corviknight|Pressure","|move|p2a: Mimikyu|Swords Dance|p2a: Mimikyu","|-boost|p2a: Mimikyu|atk|2","|","|-heal|p1a: Corviknight|349\/400 brn|[from] item: Leftovers","|-damage|p1a: Corviknight|324\/400 brn|[from] brn","|upkeep","|turn|25","|","|switch|p1a: Toxapex|Toxapex, F|304\/304","|move|p2a: Mimikyu|Shadow Claw|p1a: Toxapex","|-damage|p1a: Toxapex|156\/304","|-damage|p2a: Mimikyu|176\/251|[from] item: Life Orb","|","|-heal|p1a: Toxapex|175\/304|[from] item: Black Sludge","|upkeep","|turn|26","|","|move|p2a: Mimikyu|Shadow Claw|p1a: Toxapex","|-damage|p1a: Toxapex|49\/304","|-damage|p2a: Mimikyu|151\/251|[from] item: Life Orb","|move|p1a: Toxapex|Recover|p1a: Toxapex","|-heal|p1a: Toxapex|201\/304","|","|-heal|p1a: Toxapex|220\/304|[from] item: Black Sludge","|upkeep","|turn|27","|","|move|p2a: Mimikyu|Shadow Claw|p1a: Toxapex","|-damage|p1a: Toxapex|76\/304","|-damage|p2a: Mimikyu|126\/251|[from] item: Life Orb","|move|p1a: Toxapex|Haze|p1a: Toxapex","|-clearallboost","|","|-heal|p1a: Toxapex|95\/304|[from] item: Black Sludge","|upkeep","|turn|28","|","|move|p2a: Mimikyu|Shadow Claw|p1a: Toxapex","|-crit|p1a: Toxapex","|-damage|p1a: Toxapex|0 fnt","|-damage|p2a: Mimikyu|101\/251|[from] item: Life Orb","|faint|p1a: Toxapex","|","|upkeep","|","|switch|p1a: Hydreigon|Hydreigon, F|326\/326","|turn|29","|","|move|p1a: Hydreigon|Dark Pulse|p2a: Mimikyu","|-activate|p2a: Mimikyu|ability: Disguise","|-damage|p2a: Mimikyu|101\/251","|detailschange|p2a: Mimikyu|Mimikyu-Busted, M","|-damage|p2a: Mimikyu|70\/251|[from] ability: Disguise|[of] p2a: Mimikyu","|move|p2a: Mimikyu|Play Rough|p1a: Hydreigon","|-supereffective|p1a: Hydreigon","|-damage|p1a: Hydreigon|0 fnt","|-damage|p2a: Mimikyu|45\/251|[from] item: Life Orb","|faint|p1a: Hydreigon","|","|upkeep","|","|switch|p1a: Corviknight|Corviknight, F|324\/400 brn","|-ability|p1a: Corviknight|Pressure","|turn|30","|","|switch|p2a: Mamoswine|Mamoswine, F|169\/361","|move|p1a: Corviknight|Iron Head|p2a: Mamoswine","|-supereffective|p2a: Mamoswine","|-damage|p2a: Mamoswine|72\/361","|","|-heal|p1a: Corviknight|349\/400 brn|[from] item: Leftovers","|-damage|p1a: Corviknight|324\/400 brn|[from] brn","|upkeep","|turn|31","|","|move|p2a: Mamoswine|Icicle Crash|p1a: Corviknight","|-damage|p1a: Corviknight|141\/400 brn","|-damage|p2a: Mamoswine|36\/361|[from] item: Life Orb","|move|p1a: Corviknight|Iron Head|p2a: Mamoswine","|-supereffective|p2a: Mamoswine","|-damage|p2a: Mamoswine|0 fnt","|faint|p2a: Mamoswine","|","|-heal|p1a: Corviknight|166\/400 brn|[from] item: Leftovers","|-damage|p1a: Corviknight|141\/400 brn|[from] brn","|upkeep","|","|switch|p2a: Hydreigon|Hydreigon, F|325\/325","|turn|32","|","|move|p2a: Hydreigon|Flamethrower|p1a: Corviknight","|-supereffective|p1a: Corviknight","|-damage|p1a: Corviknight|0 fnt","|faint|p1a: Corviknight","|","|upkeep","|","|switch|p1a: Conkeldurr|Conkeldurr, M|108\/351 brn","|turn|33","|","|move|p1a: Conkeldurr|Mach Punch|p2a: Hydreigon","|-supereffective|p2a: Hydreigon","|-damage|p2a: Hydreigon|35\/325","|move|p2a: Hydreigon|Flamethrower|p1a: Conkeldurr","|-damage|p1a: Conkeldurr|0 fnt","|faint|p1a: Conkeldurr","|","|win|8999","|raw|34's rating: 1486 &rarr; <strong>1466<\/strong><br \/>(-20 for losing)","|raw|8999's rating: 1489 &rarr; <strong>1509<\/strong><br \/>(+20 for winning)",""],"p1":"34","p1rating":1486,"p1team":[{"ability":"regenerator","evs":{"atk":0,"def":252,"hp":252,"spa":0,"spd":4,"spe":0},"happiness":160,"item":"blacksludge","ivs":{"atk":0,"def":31,"hp":31,"spa":31,"spd":31,"spe":31},"level":100,"moves":["scald","recover","banefulbunker","haze"],"name":"Toxapex","nature":"Bold","species":"Toxapex"},{"ability":"levitate","evs":{"atk":0,"def":16,"hp":252,"spa":0,"spd":24,"spe":216},"gender":"N","happiness":160,"item":"choicescarf","ivs":{"atk":0,"def":31,"hp":31,"spa":31,"spd":31,"spe":31},"level":100,"moves":["trick","voltswitch","nastyplot","overheat"],"name":"Rotom","nature":"Timid","species":"rotomheat"},{"ability":"levitate","evs":{"atk":0,"def":0,"hp":4,"spa":252,"spd":0,"spe":252},"happiness":160,"item":"choicescarf","ivs":{"atk":31,"def":31,"hp":31,"spa":31,"spd":31,"spe":31},"level":100,"moves":["dracometeor","fireblast","uturn","darkpulse"],"name":"Hydreigon","nature":"Timid","species":"Hydreigon"},{"ability":"pressure","evs":{"atk":0,"def":48,"hp":252,"spa":0,"spd":208,"spe":0},"happiness":160,"item":"leftovers","ivs":{"atk":31,"def":31,"hp":31,"spa":31,"spd":31,"spe":31},"level":100,"moves":["ironhead","uturn","defog","roost"],"name":"Corviknight","nature":"Careful","species":"Corviknight"},{"ability":"magicguard","evs":{"atk":0,"def":4,"hp":252,"spa":0,"spd":252,"spe":0},"happiness":160,"item":"leftovers","ivs":{"atk":0,"def":31,"hp":31,"spa":31,"spd":31,"spe":31},"level":100,"moves":["wish","protect","moonblast","stealthrock"],"name":"Clefable","nature":"Calm","species":"Clefable"},{"ability":"guts","evs":{"atk":252,"def":0,"hp":0,"spa":0,"spd":4,"spe":252},"happiness":160,"item":"flameorb","ivs":{"atk":31,"def":31,"hp":31,"spa":31,"spd":31,"spe":31},"level":100,"moves":["closecombat","facade","machpunch","earthquake"],"name":"Conkeldurr","nature":"Adamant","species":"Conkeldurr"}],"p2":"8999","p2rating":1489,"p2team":[{"ability":"levitate","evs":{"atk":0,"def":0,"hp":0,"spa":252,"spd":4,"spe":252},"happiness":160,"item":"choicescarf","ivs":{"atk":0,"def":31,"hp":31,"spa":31,"spd":31,"spe":31},"level":100,"moves":["dracometeor","darkpulse","flamethrower","flashcannon"],"name":"Hydreigon","nature":"Timid","species":"Hydreigon"},{"ability":"guts","evs":{"atk":252,"def":0,"hp":236,"spa":0,"spd":0,"spe":20},"happiness":160,"item":"flameorb","ivs":{"atk":31,"def":31,"hp":31,"spa":31,"spd":31,"spe":31},"level":100,"moves":["machpunch","drainpunch","thunderpunch","earthquake"],"name":"Conkeldurr","nature":"Adamant","species":"Conkeldurr"},{"ability":"thickfat","evs":{"atk":252,"def":0,"hp":0,"spa":0,"spd":4,"spe":252},"happiness":160,"item":"lifeorb","ivs":{"atk":31,"def":31,"hp":31,"spa":31,"spd":31,"spe":31},"level":100,"moves":["stealthrock","earthquake","iciclecrash","iceshard"],"name":"Mamoswine","nature":"Adamant","species":"Mamoswine"},{"ability":"pressure","evs":{"atk":252,"def":0,"hp":0,"spa":0,"spd":0,"spe":252},"happiness":160,"item":"","ivs":{"atk":31,"def":31,"hp":31,"spa":31,"spd":31,"spe":31},"level":100,"moves":["defog","roost","taunt","ironhead"],"name":"Corviknight","nature":"Adamant","species":"Corviknight"},{"ability":"marvelscale","evs":{"atk":0,"def":252,"hp":252,"spa":0,"spd":4,"spe":0},"happiness":160,"item":"flameorb","ivs":{"atk":0,"def":31,"hp":31,"spa":31,"spd":31,"spe":31},"level":100,"moves":["recover","haze","scald","icebeam"],"name":"Milotic","nature":"Bold","species":"Milotic"},{"ability":"disguise","evs":{"atk":252,"def":0,"hp":0,"spa":0,"spd":4,"spe":252},"happiness":160,"item":"lifeorb","ivs":{"atk":31,"def":31,"hp":31,"spa":31,"spd":31,"spe":31},"level":100,"moves":["swordsdance","playrough","shadowclaw","shadowsneak"],"name":"Mimikyu","nature":"Jolly","species":"Mimikyu"}],"roomid":100869,"score":[0,2],"seed":[13219,295,22984,33284],"timestamp":"Mon Dec 30 2019 12:XX","turns":33,"winner":"8999","rated_battle":true,"average_rating":1487}