{"endType":"forfeit","format":"gen8ou","inputLog":[">version aa9f8c6b9cf4eca780a1296832ecd3b0009641e0",">version-origin 5e8529faaa5905c5f8e15eafaaefa806ee8c7d06",">start {\"formatid\":\"gen8ou\",\"seed\":[60134,48296,64152,5798],\"rated\":\"Rated battle\"}",">player p1 {\"\"name\":\"26341\",\"rating\":1477}",">player p2 {\"\"name\":\"2554\",\"rating\":1500}",">p1 team 1, 2, 3, 4, 5, 6",">p2 team 1, 2, 3, 4, 5, 6",">p1 move iciclecrash",">p2 move earthpower",">p1 switch 6",">p1 move earthquake",">p2 move earthpower",">p2 switch 6",">p1 switch 5",">p2 move darkestlariat",">p1 move trick",">p2 switch 2",">p1 move voltswitch",">p2 move psychic",">p1 switch 2",">p1 move roost",">p2 switch 4",">p1 move uturn",">p2 move swordsdance",">p1 switch 5",">p1 move stealthrock",">p2 move suckerpunch",">p1 move earthquake",">p2 move suckerpunch",">p1 move suckerpunch",">p2 move suckerpunch",">p2 switch 3",">p1 move earthquake",">p2 move extremespeed",">p1 switch 4",">p1 move highjumpkick",">p2 move extremespeed",">p1 switch 5",">p2 move extremespeed",">p1 switch 2",">p2 move extremespeed",">p1 switch 3",">p1 switch 2",">p2 move extremespeed",">p2 switch 5",">p1 move bravebird",">p2 move highjumpkick",">p2 switch 4",">p1 move bravebird",">p2 move trickroom",">p1 move roost",">p2 switch 2",">p1 move roost",">p2 move firepunch",">p1 move roost",">p2 move firepunch",">p1 move bravebird",">p2 move thunderwave",">p1 move roost",">p2 move firepunch"],"log":["|j|\u260626341","|j|\u26062554","|player|p1|26341|ryuki|1477","|player|p2|2554|169|1500","|teamsize|p1|6","|teamsize|p2|6","|gametype|singles","|gen|8","|tier|[Gen 8] OU","|rated|","|rule|Sleep Clause Mod: Limit one foe put to sleep","|rule|Species Clause: Limit one of each Pok\u00e9mon","|rule|OHKO Clause: OHKO moves are banned","|rule|Evasion Moves Clause: Evasion moves are banned","|rule|Endless Battle Clause: Forcing endless battles is banned","|rule|HP Percentage Mod: HP is shown in percentages","|clearpoke","|poke|p1|Darmanitan-Galar, F|","|poke|p1|Corviknight, M|","|poke|p1|Kommo-o, M|","|poke|p1|Cinderace, M|","|poke|p1|Rotom-Wash|","|poke|p1|Dugtrio, M|","|poke|p2|Gastrodon, M|","|poke|p2|Hatterene, F|","|poke|p2|Arcanine, F|","|poke|p2|Bisharp, M|","|poke|p2|Hawlucha, F|","|poke|p2|Grimmsnarl, M|","|rule|Dynamax Clause: You cannot dynamax","|teampreview","|","|start","|switch|p1a: Snow White|Darmanitan-Galar, F|351\/351","|switch|p2a: Gastrodon|Gastrodon, M|426\/426","|turn|1","|","|move|p1a: Snow White|Icicle Crash|p2a: Gastrodon","|-damage|p2a: Gastrodon|86\/426","|move|p2a: Gastrodon|Earth Power|p1a: Snow White","|-damage|p1a: Snow White|0 fnt","|faint|p1a: Snow White","|","|upkeep","|","|switch|p1a: 7 Dwarfs|Dugtrio, M|211\/211","|turn|2","|","|move|p1a: 7 Dwarfs|Earthquake|p2a: Gastrodon","|-damage|p2a: Gastrodon|0 fnt","|faint|p2a: Gastrodon","|","|upkeep","|","|switch|p2a: Grimmsnarl|Grimmsnarl, M|394\/394","|turn|3","|","|switch|p1a: Merlin|Rotom-Wash, shiny|241\/241","|move|p2a: Grimmsnarl|Darkest Lariat|p1a: Merlin","|-damage|p1a: Merlin|99\/241","|","|upkeep","|turn|4","|","|switch|p2a: Hatterene|Hatterene, F|318\/318","|move|p1a: Merlin|Trick|p2a: Hatterene","|-activate|p1a: Merlin|move: Trick|[of] p2a: Hatterene","|-item|p2a: Hatterene|Choice Specs|[from] move: Trick","|-item|p1a: Merlin|Life Orb|[from] move: Trick","|","|upkeep","|turn|5","|","|move|p1a: Merlin|Volt Switch|p2a: Hatterene","|-damage|p2a: Hatterene|176\/318","|-damage|p1a: Merlin|75\/241|[from] item: Life Orb","|","|switch|p1a: King Arthur|Corviknight, M|399\/399","|move|p2a: Hatterene|Psychic|p1a: King Arthur","|-resisted|p1a: King Arthur","|-damage|p1a: King Arthur|249\/399","|","|upkeep","|turn|6","|","|switch|p2a: Bisharp|Bisharp, M|334\/334","|move|p1a: King Arthur|Roost|p1a: King Arthur","|-heal|p1a: King Arthur|399\/399","|-singleturn|p1a: King Arthur|move: Roost","|","|upkeep","|turn|7","|","|move|p2a: Bisharp|Swords Dance|p2a: Bisharp","|-boost|p2a: Bisharp|atk|2","|move|p1a: King Arthur|U-turn|p2a: Bisharp","|-damage|p2a: Bisharp|282\/334","|","|switch|p1a: 7 Dwarfs|Dugtrio, M|211\/211","|","|upkeep","|turn|8","|","|move|p2a: Bisharp|Sucker Punch||[still]","|-fail|p2a: Bisharp","|move|p1a: 7 Dwarfs|Stealth Rock|p2a: Bisharp","|-sidestart2554|move: Stealth Rock","|","|upkeep","|turn|9","|","|move|p2a: Bisharp|Sucker Punch|p1a: 7 Dwarfs","|-enditem|p1a: 7 Dwarfs|Focus Sash","|-damage|p1a: 7 Dwarfs|1\/211","|move|p1a: 7 Dwarfs|Earthquake|p2a: Bisharp","|-supereffective|p2a: Bisharp","|-damage|p2a: Bisharp|10\/334","|","|upkeep","|turn|10","|","|move|p1a: 7 Dwarfs|Sucker Punch|p2a: Bisharp","|-resisted|p2a: Bisharp","|-damage|p2a: Bisharp|0 fnt","|faint|p2a: Bisharp","|","|upkeep","|","|switch|p2a: Arcanine|Arcanine, F|321\/321","|-damage|p2a: Arcanine|241\/321|[from] Stealth Rock","|-ability|p2a: Arcanine|Intimidate|boost","|-unboost|p1a: 7 Dwarfs|atk|1","|turn|11","|","|move|p2a: Arcanine|Extreme Speed|p1a: 7 Dwarfs","|-damage|p1a: 7 Dwarfs|0 fnt","|faint|p1a: 7 Dwarfs","|","|upkeep","|","|switch|p1a: Court Jester|Cinderace, M|301\/301","|turn|12","|","|move|p2a: Arcanine|Extreme Speed|p1a: Court Jester","|-damage|p1a: Court Jester|136\/301","|move|p1a: Court Jester|High Jump Kick|p2a: Arcanine","|-damage|p2a: Arcanine|82\/321","|","|upkeep","|turn|13","|","|switch|p1a: King Arthur|Corviknight, M|399\/399","|move|p2a: Arcanine|Extreme Speed|p1a: King Arthur","|-resisted|p1a: King Arthur","|-crit|p1a: King Arthur","|-damage|p1a: King Arthur|331\/399","|-damage|p2a: Arcanine|29\/321|[from] item: Rocky Helmet|[of] p1a: King Arthur","|","|upkeep","|turn|14","|","|switch|p1a: Merlin|Rotom-Wash, shiny|75\/241","|move|p2a: Arcanine|Extreme Speed|p1a: Merlin","|-damage|p1a: Merlin|0 fnt","|faint|p1a: Merlin","|","|upkeep","|","|switch|p1a: Kommo-o|Kommo-o, M|354\/354","|turn|15","|","|switch|p1a: King Arthur|Corviknight, M|331\/399","|move|p2a: Arcanine|Extreme Speed|p1a: King Arthur","|-resisted|p1a: King Arthur","|-damage|p1a: King Arthur|285\/399","|-damage|p2a: Arcanine|0 fnt|[from] item: Rocky Helmet|[of] p1a: King Arthur","|faint|p2a: Arcanine","|","|upkeep","|","|switch|p2a: Hawlucha|Hawlucha, F|297\/297","|-damage|p2a: Hawlucha|260\/297|[from] Stealth Rock","|turn|16","|","|move|p2a: Hawlucha|High Jump Kick|p1a: King Arthur","|-damage|p1a: King Arthur|156\/399","|-damage|p2a: Hawlucha|211\/297|[from] item: Rocky Helmet|[of] p1a: King Arthur","|move|p1a: King Arthur|Brave Bird|p2a: Hawlucha","|-supereffective|p2a: Hawlucha","|-damage|p2a: Hawlucha|0 fnt","|-damage|p1a: King Arthur|86\/399|[from] Recoil","|faint|p2a: Hawlucha","|","|upkeep","|","|switch|p2a: Hatterene|Hatterene, F|176\/318","|-damage|p2a: Hatterene|137\/318|[from] Stealth Rock","|turn|17","|","|move|p1a: King Arthur|Brave Bird|p2a: Hatterene","|-damage|p2a: Hatterene|11\/318","|-damage|p1a: King Arthur|44\/399|[from] Recoil","|move|p2a: Hatterene|Trick Room|p2a: Hatterene","|-fieldstart|move: Trick Room|[of] p2a: Hatterene","|","|upkeep","|turn|18","|","|switch|p2a: Grimmsnarl|Grimmsnarl, M|394\/394","|-damage|p2a: Grimmsnarl|345\/394|[from] Stealth Rock","|move|p1a: King Arthur|Roost|p1a: King Arthur","|-heal|p1a: King Arthur|244\/399","|-singleturn|p1a: King Arthur|move: Roost","|","|-heal|p2a: Grimmsnarl|369\/394|[from] item: Leftovers","|upkeep","|turn|19","|","|move|p2a: Grimmsnarl|Fire Punch|p1a: King Arthur","|-supereffective|p1a: King Arthur","|-damage|p1a: King Arthur|122\/399","|-damage|p2a: Grimmsnarl|304\/394|[from] item: Rocky Helmet|[of] p1a: King Arthur","|-status|p1a: King Arthur|brn","|move|p1a: King Arthur|Roost|p1a: King Arthur","|-heal|p1a: King Arthur|322\/399 brn","|-singleturn|p1a: King Arthur|move: Roost","|","|-heal|p2a: Grimmsnarl|328\/394|[from] item: Leftovers","|-damage|p1a: King Arthur|298\/399 brn|[from] brn","|upkeep","|turn|20","|","|move|p2a: Grimmsnarl|Fire Punch|p1a: King Arthur","|-supereffective|p1a: King Arthur","|-damage|p1a: King Arthur|174\/399 brn","|-damage|p2a: Grimmsnarl|263\/394|[from] item: Rocky Helmet|[of] p1a: King Arthur","|move|p1a: King Arthur|Roost|p1a: King Arthur","|-heal|p1a: King Arthur|374\/399 brn","|-singleturn|p1a: King Arthur|move: Roost","|","|-heal|p2a: Grimmsnarl|287\/394|[from] item: Leftovers","|-damage|p1a: King Arthur|350\/399 brn|[from] brn","|upkeep","|turn|21","|","|move|p2a: Grimmsnarl|Thunder Wave|p1a: King Arthur|[miss]","|-miss|p2a: Grimmsnarl|p1a: King Arthur","|move|p1a: King Arthur|Brave Bird|p2a: Grimmsnarl","|-damage|p2a: Grimmsnarl|197\/394","|-damage|p1a: King Arthur|320\/399 brn|[from] Recoil","|","|-heal|p2a: Grimmsnarl|221\/394|[from] item: Leftovers","|-damage|p1a: King Arthur|296\/399 brn|[from] brn","|-fieldend|move: Trick Room","|upkeep","|turn|22","|","|move|p1a: King Arthur|Roost|p1a: King Arthur","|-heal|p1a: King Arthur|399\/399 brn","|-singleturn|p1a: King Arthur|move: Roost","|move|p2a: Grimmsnarl|Fire Punch|p1a: King Arthur","|-supereffective|p1a: King Arthur","|-damage|p1a: King Arthur|271\/399 brn","|-damage|p2a: Grimmsnarl|156\/394|[from] item: Rocky Helmet|[of] p1a: King Arthur","|","|-heal|p2a: Grimmsnarl|180\/394|[from] item: Leftovers","|-damage|p1a: King Arthur|247\/399 brn|[from] brn","|upkeep","|turn|23","|-message|2554 forfeited.","|","|win|26341","|l|\u26062554","|raw|26341's rating: 1455 &rarr; <strong>1478<\/strong><br \/>(+23 for winning)","|raw|2554's rating: 1500 &rarr; <strong>1478<\/strong><br \/>(-22 for losing)",""],"p1":"26341","p1rating":1477,"p1team":[{"ability":"gorillatactics","evs":{"atk":252,"def":0,"hp":0,"spa":0,"spd":4,"spe":252},"gender":"F","happiness":160,"item":"choicescarf","ivs":{"atk":31,"def":31,"hp":31,"spa":31,"spd":31,"spe":31},"level":100,"moves":["uturn","iciclecrash","flareblitz","superpower"],"name":"Snow White","nature":"Jolly","species":"darmanitangalar"},{"ability":"mirrorarmor","evs":{"atk":8,"def":252,"hp":248,"spa":0,"spd":0,"spe":0},"gender":"M","happiness":160,"item":"rockyhelmet","ivs":{"atk":31,"def":31,"hp":31,"spa":31,"spd":31,"spe":31},"level":100,"moves":["uturn","defog","roost","bravebird"],"name":"King Arthur","nature":"Impish","species":"corviknight"},{"ability":"bulletproof","evs":{"atk":4,"def":252,"hp":252,"spa":0,"spd":0,"spe":0},"happiness":160,"item":"leftovers","ivs":{"atk":31,"def":31,"hp":31,"spa":31,"spd":31,"spe":31},"level":100,"moves":["bulkup","drainpunch","taunt","earthquake"],"name":"Kommo-o","nature":"Impish","species":"Kommo-o"},{"ability":"blaze","evs":{"atk":252,"def":0,"hp":0,"spa":0,"spd":4,"spe":252},"gender":"M","happiness":160,"item":"heavydutyboots","ivs":{"atk":31,"def":31,"hp":31,"spa":31,"spd":31,"spe":31},"level":100,"moves":["pyroball","uturn","courtchange","highjumpkick"],"name":"Court Jester","nature":"Jolly","species":"cinderace"},{"ability":"levitate","evs":{"atk":0,"def":0,"hp":0,"spa":252,"spd":4,"spe":252},"gender":"N","happiness":160,"item":"choicespecs","ivs":{"atk":0,"def":31,"hp":31,"spa":31,"spd":31,"spe":31},"level":100,"moves":["trick","voltswitch","hydropump","thunderbolt"],"name":"Merlin","nature":"Modest","shiny":true,"species":"rotomwash"},{"ability":"arenatrap","evs":{"atk":252,"def":0,"hp":0,"spa":0,"spd":4,"spe":252},"gender":"M","happiness":160,"item":"focussash","ivs":{"atk":31,"def":31,"hp":31,"spa":31,"spd":31,"spe":31},"level":100,"moves":["earthquake","suckerpunch","stealthrock","stoneedge"],"name":"7 Dwarfs","nature":"Jolly","species":"dugtrio"}],"p2":"2554","p2rating":1500,"p2team":[{"ability":"stormdrain","evs":{"atk":0,"def":0,"hp":252,"spa":252,"spd":4,"spe":0},"happiness":160,"item":"choicespecs","ivs":{"atk":0,"def":31,"hp":31,"spa":31,"spd":31,"spe":31},"level":100,"moves":["icebeam","scald","earthpower","sludgebomb"],"name":"Gastrodon","nature":"Modest","species":"Gastrodon"},{"ability":"magicbounce","evs":{"atk":0,"def":0,"hp":252,"spa":252,"spd":4,"spe":0},"gender":"F","happiness":160,"item":"lifeorb","ivs":{"atk":0,"def":31,"hp":31,"spa":31,"spd":31,"spe":31},"level":100,"moves":["dazzlinggleam","trickroom","psychic","mysticalfire"],"name":"Hatterene","nature":"Quiet","species":"Hatterene"},{"ability":"intimidate","evs":{"atk":252,"def":0,"hp":0,"spa":0,"spd":4,"spe":252},"happiness":160,"item":"choiceband","ivs":{"atk":31,"def":31,"hp":31,"spa":31,"spd":31,"spe":31},"level":100,"moves":["closecombat","flareblitz","extremespeed","wildcharge"],"name":"Arcanine","nature":"Jolly","species":"Arcanine"},{"ability":"defiant","evs":{"atk":252,"def":0,"hp":252,"spa":0,"spd":4,"spe":0},"happiness":160,"item":"focussash","ivs":{"atk":31,"def":31,"hp":31,"spa":31,"spd":31,"spe":31},"level":100,"moves":["suckerpunch","nightslash","ironhead","swordsdance"],"name":"Bisharp","nature":"Adamant","species":"Bisharp"},{"ability":"unburden","evs":{"atk":252,"def":0,"hp":0,"spa":0,"spd":4,"spe":252},"happiness":160,"item":"focussash","ivs":{"atk":31,"def":31,"hp":31,"spa":31,"spd":31,"spe":31},"level":100,"moves":["acrobatics","swordsdance","highjumpkick","zenheadbutt"],"name":"Hawlucha","nature":"Adamant","species":"Hawlucha"},{"ability":"prankster","evs":{"atk":252,"def":0,"hp":252,"spa":0,"spd":4,"spe":0},"gender":"M","happiness":160,"item":"leftovers","ivs":{"atk":31,"def":31,"hp":31,"spa":31,"spd":31,"spe":31},"level":100,"moves":["thunderwave","playrough","darkestlariat","firepunch"],"name":"Grimmsnarl","nature":"Adamant","species":"Grimmsnarl"}],"roomid":100654,"score":[3,2],"seed":[60134,48296,64152,5798],"timestamp":"Mon Dec 30 2019 05:XX","turns":23,"winner":"26341","rated_battle":true,"average_rating":1488}