{"endType":"normal","format":"gen8ou","inputLog":[">version aa9f8c6b9cf4eca780a1296832ecd3b0009641e0",">version-origin 5e8529faaa5905c5f8e15eafaaefa806ee8c7d06",">start {\"formatid\":\"gen8ou\",\"seed\":[37592,45084,16082,58355],\"rated\":\"Rated battle\"}",">player p1 {\"\"name\":\"3051\",\"rating\":1204}",">player p2 {\"\"name\":\"27674\",\"rating\":1233}",">p1 team 4, 2, 3, 1, 5, 6",">p2 team 1, 2, 3, 4, 5, 6",">p1 move toxic",">p2 move toxic",">p1 move stealthrock",">p2 move earthquake",">p1 switch 6",">p2 move earthquake",">p1 move irondefense",">p2 switch 4",">p1 move bodypress",">p2 move pyroball",">p1 move bodypress",">p2 move courtchange",">p2 switch 5",">p1 move defog",">p2 move trick",">p1 switch 6",">p2 move willowisp",">p1 move stealthrock",">p2 switch 4",">p1 switch 2",">p2 move stealthrock",">p1 move iciclecrash",">p2 move scald",">p2 switch 4",">p1 switch 6",">p2 move willowisp",">p1 move defog",">p2 move voltswitch",">p2 switch 3",">p1 move defog",">p2 switch 2",">p1 switch 4",">p1 move earthquake",">p2 move earthquake",">p2 switch 3",">p1 switch 2",">p2 move hydropump",">p1 move toxic",">p2 move willowisp",">p1 move stealthrock",">p2 move willowisp",">p1 move scald",">p2 move willowisp",">p1 switch 3",">p2 move willowisp",">p1 switch 3",">p2 switch 2",">p1 move scald",">p2 switch 2",">p1 move scald",">p2 move willowisp",">p2 switch 6",">p1 move earthpower",">p2 move uturn",">p2 switch 2",">p1 switch 2",">p1 move reversal",">p2 move crunch",">p2 switch 2",">p1 move reversal",">p2 move iciclecrash"],"log":["|j|\u26063051","|j|\u260627674","|player|p1|3051|marshal|1204","|player|p2|27674|203|1233","|teamsize|p1|6","|teamsize|p2|6","|gametype|singles","|gen|8","|tier|[Gen 8] OU","|rated|","|rule|Sleep Clause Mod: Limit one foe put to sleep","|rule|Species Clause: Limit one of each Pok\u00e9mon","|rule|OHKO Clause: OHKO moves are banned","|rule|Evasion Moves Clause: Evasion moves are banned","|rule|Endless Battle Clause: Forcing endless battles is banned","|rule|HP Percentage Mod: HP is shown in percentages","|clearpoke","|poke|p1|Dugtrio, F|","|poke|p1|Darmanitan-Galar, F|","|poke|p1|Rotom-Heat|","|poke|p1|Seismitoad, M|","|poke|p1|Toxtricity, F|","|poke|p1|Corviknight, M|","|poke|p2|Seismitoad, F|","|poke|p2|Excadrill, F|","|poke|p2|Tyranitar, M|","|poke|p2|Cinderace, M|","|poke|p2|Rotom-Wash|","|poke|p2|Darmanitan-Galar, M|","|rule|Dynamax Clause: You cannot dynamax","|teampreview","|","|start","|switch|p1a: Seismitoad|Seismitoad, M|414\/414","|switch|p2a: Seismitoad|Seismitoad, F|414\/414","|turn|1","|","|move|p1a: Seismitoad|Toxic|p2a: Seismitoad","|-status|p2a: Seismitoad|tox","|move|p2a: Seismitoad|Toxic|p1a: Seismitoad","|-status|p1a: Seismitoad|tox","|","|-damage|p1a: Seismitoad|389\/414 tox|[from] psn","|-damage|p2a: Seismitoad|389\/414 tox|[from] psn","|upkeep","|turn|2","|","|move|p1a: Seismitoad|Stealth Rock|p2a: Seismitoad","|-sidestart27674|move: Stealth Rock","|move|p2a: Seismitoad|Earthquake|p1a: Seismitoad","|-crit|p1a: Seismitoad","|-damage|p1a: Seismitoad|245\/414 tox","|","|-heal|p1a: Seismitoad|270\/414 tox|[from] item: Leftovers","|-heal|p2a: Seismitoad|414\/414 tox|[from] item: Leftovers","|-damage|p1a: Seismitoad|220\/414 tox|[from] psn","|-damage|p2a: Seismitoad|364\/414 tox|[from] psn","|upkeep","|turn|3","|","|switch|p1a: Corviknight|Corviknight, M|400\/400","|move|p2a: Seismitoad|Earthquake|p1a: Corviknight","|-immune|p1a: Corviknight","|","|-heal|p2a: Seismitoad|389\/414 tox|[from] item: Leftovers","|-damage|p2a: Seismitoad|314\/414 tox|[from] psn","|upkeep","|turn|4","|","|switch|p2a: Cinderace|Cinderace, M|302\/302","|move|p1a: Corviknight|Iron Defense|p1a: Corviknight","|-boost|p1a: Corviknight|def|2","|","|upkeep","|turn|5","|","|move|p2a: Cinderace|Pyro Ball|p1a: Corviknight","|-supereffective|p1a: Corviknight","|-damage|p1a: Corviknight|212\/400","|move|p1a: Corviknight|Body Press|p2a: Cinderace","|-damage|p2a: Cinderace|145\/302","|","|-heal|p1a: Corviknight|237\/400|[from] item: Leftovers","|upkeep","|turn|6","|","|move|p2a: Cinderace|Court Change|p2a: Cinderace","|-sideend27674|Stealth Rock|[silent]","|-sidestart3051|Stealth Rock|[silent]","|-activate|p2a: Cinderace|move: Court Change","|move|p1a: Corviknight|Body Press|p2a: Cinderace","|-damage|p2a: Cinderace|0 fnt","|faint|p2a: Cinderace","|","|-heal|p1a: Corviknight|262\/400|[from] item: Leftovers","|upkeep","|","|switch|p2a: Rotom|Rotom-Wash|303\/303","|turn|7","|","|move|p2a: Rotom|Trick|p1a: Corviknight","|-activate|p2a: Rotom|move: Trick|[of] p1a: Corviknight","|-item|p1a: Corviknight|Choice Scarf|[from] move: Trick","|-item|p2a: Rotom|Leftovers|[from] move: Trick","|move|p1a: Corviknight|Defog|p2a: Rotom","|-unboost|p2a: Rotom|evasion|1","|-sideend3051|Stealth Rock|[from] move: Defog|[of] p1a: Corviknight","|","|upkeep","|turn|8","|","|switch|p1a: Seismitoad|Seismitoad, M|220\/414 tox","|move|p2a: Rotom|Will-O-Wisp||[still]","|-fail|p2a: Rotom","|","|-heal|p1a: Seismitoad|245\/414 tox|[from] item: Leftovers","|-damage|p1a: Seismitoad|220\/414 tox|[from] psn","|upkeep","|turn|9","|","|switch|p2a: Seismitoad|Seismitoad, F|314\/414 tox","|move|p1a: Seismitoad|Stealth Rock|p2a: Seismitoad","|-sidestart27674|move: Stealth Rock","|","|-heal|p1a: Seismitoad|245\/414 tox|[from] item: Leftovers","|-heal|p2a: Seismitoad|339\/414 tox|[from] item: Leftovers","|-damage|p1a: Seismitoad|195\/414 tox|[from] psn","|-damage|p2a: Seismitoad|314\/414 tox|[from] psn","|upkeep","|turn|10","|","|switch|p1a: Darmanitan|Darmanitan-Galar, F|351\/351","|move|p2a: Seismitoad|Stealth Rock|p1a: Darmanitan","|-sidestart3051|move: Stealth Rock","|","|-heal|p2a: Seismitoad|339\/414 tox|[from] item: Leftovers","|-damage|p2a: Seismitoad|289\/414 tox|[from] psn","|upkeep","|turn|11","|","|move|p1a: Darmanitan|Icicle Crash|p2a: Seismitoad","|-damage|p2a: Seismitoad|0 fnt","|faint|p2a: Seismitoad","|","|upkeep","|","|switch|p2a: Rotom|Rotom-Wash|303\/303","|-damage|p2a: Rotom|266\/303|[from] Stealth Rock","|turn|12","|","|switch|p1a: Corviknight|Corviknight, M|262\/400","|-damage|p1a: Corviknight|212\/400|[from] Stealth Rock","|move|p2a: Rotom|Will-O-Wisp|p1a: Corviknight","|-status|p1a: Corviknight|brn","|","|-heal|p2a: Rotom|284\/303|[from] item: Leftovers","|-damage|p1a: Corviknight|187\/400 brn|[from] brn","|upkeep","|turn|13","|","|move|p2a: Rotom|Volt Switch|p1a: Corviknight","|-supereffective|p1a: Corviknight","|-damage|p1a: Corviknight|47\/400 brn","|","|switch|p2a: Tyranitar|Tyranitar, M|404\/404","|-damage|p2a: Tyranitar|354\/404|[from] Stealth Rock","|-weather|Sandstorm|[from] ability: Sand Stream|[of] p2a: Tyranitar","|move|p1a: Corviknight|Defog|p2a: Tyranitar","|-unboost|p2a: Tyranitar|evasion|1","|-sideend27674|Stealth Rock|[from] move: Defog|[of] p1a: Corviknight","|-sideend3051|Stealth Rock|[from] move: Defog|[of] p1a: Corviknight","|","|-weather|Sandstorm|[upkeep]","|-heal|p2a: Tyranitar|379\/404|[from] item: Leftovers","|-damage|p1a: Corviknight|22\/400 brn|[from] brn","|upkeep","|turn|14","|","|switch|p2a: Excadrill|Excadrill, F|361\/361","|move|p1a: Corviknight|Defog|p2a: Excadrill","|-unboost|p2a: Excadrill|evasion|1","|","|-weather|Sandstorm|[upkeep]","|-damage|p1a: Corviknight|0 fnt|[from] brn","|faint|p1a: Corviknight","|upkeep","|","|switch|p1a: Dugtrio|Dugtrio, F|211\/211","|turn|15","|","|move|p2a: Excadrill|Earthquake|p1a: Dugtrio","|-enditem|p1a: Dugtrio|Focus Sash","|-damage|p1a: Dugtrio|1\/211","|-damage|p2a: Excadrill|325\/361|[from] item: Life Orb","|move|p1a: Dugtrio|Earthquake|p2a: Excadrill","|-supereffective|p2a: Excadrill","|-damage|p2a: Excadrill|0 fnt","|faint|p2a: Excadrill","|","|-weather|Sandstorm|[upkeep]","|upkeep","|","|switch|p2a: Rotom|Rotom-Wash|284\/303","|turn|16","|","|switch|p1a: Seismitoad|Seismitoad, M|195\/414 tox","|move|p2a: Rotom|Hydro Pump|p1a: Seismitoad","|-heal|p1a: Seismitoad|298\/414 tox|[from] ability: Water Absorb|[of] p2a: Rotom","|","|-weather|Sandstorm|[upkeep]","|-damage|p2a: Rotom|266\/303|[from] Sandstorm","|-heal|p2a: Rotom|284\/303|[from] item: Leftovers","|-heal|p1a: Seismitoad|323\/414 tox|[from] item: Leftovers","|-damage|p1a: Seismitoad|298\/414 tox|[from] psn","|upkeep","|turn|17","|","|move|p2a: Rotom|Will-O-Wisp||[still]","|-fail|p2a: Rotom","|move|p1a: Seismitoad|Toxic|p2a: Rotom","|-status|p2a: Rotom|tox","|","|-weather|none","|-heal|p2a: Rotom|302\/303 tox|[from] item: Leftovers","|-heal|p1a: Seismitoad|323\/414 tox|[from] item: Leftovers","|-damage|p2a: Rotom|284\/303 tox|[from] psn","|-damage|p1a: Seismitoad|273\/414 tox|[from] psn","|upkeep","|turn|18","|","|move|p2a: Rotom|Will-O-Wisp||[still]","|-fail|p2a: Rotom","|move|p1a: Seismitoad|Stealth Rock|p2a: Rotom","|-sidestart27674|move: Stealth Rock","|","|-heal|p2a: Rotom|302\/303 tox|[from] item: Leftovers","|-heal|p1a: Seismitoad|298\/414 tox|[from] item: Leftovers","|-damage|p2a: Rotom|266\/303 tox|[from] psn","|-damage|p1a: Seismitoad|223\/414 tox|[from] psn","|upkeep","|turn|19","|","|move|p2a: Rotom|Will-O-Wisp||[still]","|-fail|p2a: Rotom","|move|p1a: Seismitoad|Scald|p2a: Rotom","|-resisted|p2a: Rotom","|-damage|p2a: Rotom|225\/303 tox","|","|-heal|p2a: Rotom|243\/303 tox|[from] item: Leftovers","|-heal|p1a: Seismitoad|248\/414 tox|[from] item: Leftovers","|-damage|p2a: Rotom|189\/303 tox|[from] psn","|-damage|p1a: Seismitoad|148\/414 tox|[from] psn","|upkeep","|turn|20","|","|switch|p1a: Rotom|Rotom-Heat|304\/304","|move|p2a: Rotom|Will-O-Wisp|p1a: Rotom","|-immune|p1a: Rotom","|","|-heal|p2a: Rotom|207\/303 tox|[from] item: Leftovers","|-damage|p2a: Rotom|135\/303 tox|[from] psn","|upkeep","|turn|21","|","|switch|p2a: Tyranitar|Tyranitar, M|379\/404","|-damage|p2a: Tyranitar|329\/404|[from] Stealth Rock","|-weather|Sandstorm|[from] ability: Sand Stream|[of] p2a: Tyranitar","|switch|p1a: Seismitoad|Seismitoad, M|148\/414 tox","|","|-weather|Sandstorm|[upkeep]","|-heal|p1a: Seismitoad|173\/414 tox|[from] item: Leftovers","|-heal|p2a: Tyranitar|354\/404|[from] item: Leftovers","|-damage|p1a: Seismitoad|148\/414 tox|[from] psn","|upkeep","|turn|22","|","|switch|p2a: Rotom|Rotom-Wash|135\/303 tox","|-damage|p2a: Rotom|98\/303 tox|[from] Stealth Rock","|move|p1a: Seismitoad|Scald|p2a: Rotom","|-resisted|p2a: Rotom","|-damage|p2a: Rotom|62\/303 tox","|","|-weather|Sandstorm|[upkeep]","|-damage|p2a: Rotom|44\/303 tox|[from] Sandstorm","|-heal|p2a: Rotom|62\/303 tox|[from] item: Leftovers","|-heal|p1a: Seismitoad|173\/414 tox|[from] item: Leftovers","|-damage|p2a: Rotom|44\/303 tox|[from] psn","|-damage|p1a: Seismitoad|123\/414 tox|[from] psn","|upkeep","|turn|23","|","|move|p2a: Rotom|Will-O-Wisp||[still]","|-fail|p2a: Rotom","|move|p1a: Seismitoad|Scald|p2a: Rotom","|-resisted|p2a: Rotom","|-damage|p2a: Rotom|5\/303 tox","|","|-weather|Sandstorm|[upkeep]","|-damage|p2a: Rotom|0 fnt|[from] Sandstorm","|faint|p2a: Rotom","|-heal|p1a: Seismitoad|148\/414 tox|[from] item: Leftovers","|-damage|p1a: Seismitoad|73\/414 tox|[from] psn","|upkeep","|","|switch|p2a: Darmanitan|Darmanitan-Galar, M|351\/351","|-damage|p2a: Darmanitan|264\/351|[from] Stealth Rock","|turn|24","|","|move|p2a: Darmanitan|U-turn|p1a: Seismitoad","|-damage|p1a: Seismitoad|0 fnt","|faint|p1a: Seismitoad","|","|switch|p2a: Tyranitar|Tyranitar, M|354\/404","|-damage|p2a: Tyranitar|304\/404|[from] Stealth Rock","|","|-weather|Sandstorm|[upkeep]","|-heal|p2a: Tyranitar|329\/404|[from] item: Leftovers","|upkeep","|","|switch|p1a: Dugtrio|Dugtrio, F|1\/211","|turn|25","|","|move|p1a: Dugtrio|Reversal|p2a: Tyranitar","|-supereffective|p2a: Tyranitar","|-damage|p2a: Tyranitar|0 fnt","|faint|p2a: Tyranitar","|","|-weather|none","|upkeep","|","|switch|p2a: Darmanitan|Darmanitan-Galar, M|264\/351","|-damage|p2a: Darmanitan|177\/351|[from] Stealth Rock","|turn|26","|","|move|p1a: Dugtrio|Reversal|p2a: Darmanitan","|-supereffective|p2a: Darmanitan","|-damage|p2a: Darmanitan|0 fnt","|faint|p2a: Darmanitan","|","|win|3051","|l|\u260627674","|raw|3051's rating: 1229 &rarr; <strong>1252<\/strong><br \/>(+23 for winning)","|raw|27674's rating: 1207 &rarr; <strong>1184<\/strong><br \/>(-23 for losing)",""],"p1":"3051","p1rating":1204,"p1team":[{"ability":"arenatrap","evs":{"atk":252,"def":0,"hp":0,"spa":0,"spd":4,"spe":252},"happiness":160,"item":"focussash","ivs":{"atk":31,"def":31,"hp":31,"spa":31,"spd":31,"spe":31},"level":100,"moves":["earthquake","stoneedge","reversal","gigaimpact"],"name":"Dugtrio","nature":"Jolly","species":"Dugtrio"},{"ability":"gorillatactics","evs":{"atk":252,"def":0,"hp":0,"spa":0,"spd":4,"spe":252},"happiness":160,"item":"choiceband","ivs":{"atk":31,"def":31,"hp":31,"spa":31,"spd":31,"spe":31},"level":100,"moves":["iciclecrash","uturn","flareblitz","earthquake"],"name":"Darmanitan","nature":"Jolly","species":"darmanitangalar"},{"ability":"levitate","evs":{"atk":0,"def":0,"hp":252,"spa":252,"spd":4,"spe":0},"gender":"N","happiness":160,"item":"choicespecs","ivs":{"atk":0,"def":31,"hp":31,"spa":31,"spd":31,"spe":31},"level":100,"moves":["overheat","voltswitch","trick","thunder"],"name":"Rotom","nature":"Modest","species":"rotomheat"},{"ability":"waterabsorb","evs":{"atk":0,"def":252,"hp":252,"spa":4,"spd":0,"spe":0},"happiness":160,"item":"leftovers","ivs":{"atk":0,"def":31,"hp":31,"spa":31,"spd":31,"spe":31},"level":100,"moves":["scald","earthpower","stealthrock","toxic"],"name":"Seismitoad","nature":"Bold","species":"Seismitoad"},{"ability":"punkrock","evs":{"atk":252,"def":0,"hp":0,"spa":0,"spd":4,"spe":252},"happiness":160,"item":"lifeorb","ivs":{"atk":31,"def":31,"hp":31,"spa":31,"spd":31,"spe":31},"level":100,"moves":["shiftgear","drainpunch","thunderpunch","gunkshot"],"name":"Toxtricity","nature":"Adamant","species":"Toxtricity"},{"ability":"mirrorarmor","evs":{"atk":4,"def":0,"hp":252,"spa":0,"spd":252,"spe":0},"happiness":160,"item":"leftovers","ivs":{"atk":31,"def":31,"hp":31,"spa":31,"spd":31,"spe":31},"level":100,"moves":["defog","roost","irondefense","bodypress"],"name":"Corviknight","nature":"Careful","species":"Corviknight"}],"p2":"27674","p2rating":1233,"p2team":[{"ability":"waterabsorb","evs":{"atk":0,"def":252,"hp":252,"spa":0,"spd":4,"spe":0},"happiness":160,"item":"leftovers","ivs":{"atk":31,"def":31,"hp":31,"spa":31,"spd":31,"spe":31},"level":100,"moves":["stealthrock","scald","earthquake","toxic"],"name":"Seismitoad","nature":"Relaxed","species":"Seismitoad"},{"ability":"sandrush","evs":{"atk":252,"def":0,"hp":0,"spa":0,"spd":4,"spe":252},"happiness":160,"item":"lifeorb","ivs":{"atk":31,"def":31,"hp":31,"spa":31,"spd":31,"spe":31},"level":100,"moves":["earthquake","ironhead","swordsdance","rockslide"],"name":"Excadrill","nature":"Adamant","species":"Excadrill"},{"ability":"sandstream","evs":{"atk":52,"def":0,"hp":252,"spa":0,"spd":204,"spe":0},"happiness":160,"item":"leftovers","ivs":{"atk":31,"def":31,"hp":31,"spa":31,"spd":31,"spe":31},"level":100,"moves":["earthquake","crunch","flamethrower","thunderwave"],"name":"Tyranitar","nature":"Brave","species":"Tyranitar"},{"ability":"blaze","evs":{"atk":252,"def":0,"hp":4,"spa":0,"spd":0,"spe":252},"happiness":160,"item":"heavydutyboots","ivs":{"atk":31,"def":31,"hp":31,"spa":31,"spd":31,"spe":31},"level":100,"moves":["courtchange","pyroball","taunt","uturn"],"name":"Cinderace","nature":"Jolly","species":"Cinderace"},{"ability":"levitate","evs":{"atk":0,"def":0,"hp":248,"spa":44,"spd":0,"spe":216},"gender":"N","happiness":160,"item":"choicescarf","ivs":{"atk":0,"def":31,"hp":31,"spa":31,"spd":31,"spe":31},"level":100,"moves":["voltswitch","hydropump","trick","willowisp"],"name":"Rotom","nature":"Timid","species":"rotomwash"},{"ability":"gorillatactics","evs":{"atk":252,"def":0,"hp":0,"spa":0,"spd":4,"spe":252},"happiness":160,"item":"choiceband","ivs":{"atk":31,"def":31,"hp":31,"spa":31,"spd":31,"spe":31},"level":100,"moves":["iciclecrash","flareblitz","earthquake","uturn"],"name":"Darmanitan","nature":"Jolly","species":"darmanitangalar"}],"roomid":1016792,"score":[4,0],"seed":[37592,45084,16082,58355],"timestamp":"Sat Dec 28 2019 00:XX","turns":26,"winner":"3051","rated_battle":true,"average_rating":1218}