{"endType":"forfeit","format":"gen8ou","inputLog":[">version aa9f8c6b9cf4eca780a1296832ecd3b0009641e0",">version-origin 5e8529faaa5905c5f8e15eafaaefa806ee8c7d06",">start {\"formatid\":\"gen8ou\",\"seed\":[24138,61163,26763,50538],\"rated\":\"Rated battle\"}",">player p1 {\"\"name\":\"17840\",\"rating\":1383}",">player p2 {\"\"name\":\"7676\",\"rating\":1438}",">p1 team 2, 1, 3, 4, 5, 6",">p2 team 2, 1, 3, 4, 5, 6",">p1 move uturn",">p2 switch 4",">p1 switch 2",">p1 move bulkup",">p2 move uturn",">p2 switch 3",">p1 switch 5",">p2 move willowisp",">p1 move dragondance",">p2 move substitute",">p1 move crunch",">p2 move disable",">p1 move crunch",">p2 switch 5",">p1 switch 6",">p2 move earthquake",">p1 move leechseed",">p2 switch 2",">p1 move protect",">p2 move earthquake",">p1 switch 3",">p2 switch 5",">p1 move stickyweb",">p2 switch 2",">p1 switch 5",">p2 move stickyweb",">p1 move bulkup",">p2 switch 3",">p1 move bulkup",">p2 move defog",">p1 move bulkup",">p2 move uturn",">p2 switch 2",">p1 move psychicfangs",">p2 move willowisp",">p1 move bulkup",">p2 move hex",">p1 switch 4",">p1 move icebeam",">p2 switch 6",">p1 move icebeam",">p2 move stealthrock",">p1 move airslash",">p2 move earthquake",">p1 move shadowball",">p2 switch 2",">p1 move snipeshot",">p2 move bravebird",">p1 switch 6",">p1 move stoneedge",">p2 move roost",">p1 move dragondance",">p2 move roost",">p1 move earthquake",">p2 move uturn",">p2 switch 3",">p1 move earthquake",">p2 move crunch",">p1 switch 2",">p1 move dragondarts",">p2 move crunch",">p1 switch 5"],"log":["|j|\u260617840","|j|\u26067676","|player|p1|17840|rocketgrunt|1383","|player|p2|7676|260|1438","|teamsize|p1|6","|teamsize|p2|6","|gametype|singles","|gen|8","|tier|[Gen 8] OU","|rated|","|rule|Sleep Clause Mod: Limit one foe put to sleep","|rule|Species Clause: Limit one of each Pok\u00e9mon","|rule|OHKO Clause: OHKO moves are banned","|rule|Evasion Moves Clause: Evasion moves are banned","|rule|Endless Battle Clause: Forcing endless battles is banned","|rule|HP Percentage Mod: HP is shown in percentages","|clearpoke","|poke|p1|Mew|","|poke|p1|Dragapult, F|","|poke|p1|Araquanid, F|","|poke|p1|Inteleon, F|","|poke|p1|Tyranitar, M|","|poke|p1|Ferrothorn, F|","|poke|p2|Conkeldurr, F|","|poke|p2|Darmanitan-Galar, F|","|poke|p2|Dragapult, M|","|poke|p2|Corviknight, M|","|poke|p2|Ditto|","|poke|p2|Seismitoad, F|","|rule|Dynamax Clause: You cannot dynamax","|teampreview","|","|start","|switch|p1a: Dragapult|Dragapult, F|317\/317","|switch|p2a: Darmanitan|Darmanitan-Galar, F|351\/351","|turn|1","|","|switch|p2a: Corviknight|Corviknight, M|399\/399","|move|p1a: Dragapult|U-turn|p2a: Corviknight","|-resisted|p2a: Corviknight","|-damage|p2a: Corviknight|381\/399","|","|switch|p1a: Mew|Mew|404\/404","|","|-heal|p2a: Corviknight|399\/399|[from] item: Leftovers","|upkeep","|turn|2","|","|move|p1a: Mew|Bulk Up|p1a: Mew","|-boost|p1a: Mew|atk|1","|-boost|p1a: Mew|def|1","|move|p2a: Corviknight|U-turn|p1a: Mew","|-supereffective|p1a: Mew","|-damage|p1a: Mew|360\/404","|","|switch|p2a: Dragapult|Dragapult, M|317\/317","|","|-heal|p1a: Mew|385\/404|[from] item: Leftovers","|upkeep","|turn|3","|","|switch|p1a: Tyranitar|Tyranitar, M|341\/341","|-weather|Sandstorm|[from] ability: Sand Stream|[of] p1a: Tyranitar","|move|p2a: Dragapult|Will-O-Wisp|p1a: Tyranitar","|-status|p1a: Tyranitar|brn","|","|-weather|Sandstorm|[upkeep]","|-damage|p2a: Dragapult|298\/317|[from] Sandstorm","|-heal|p2a: Dragapult|317\/317|[from] item: Leftovers","|-damage|p1a: Tyranitar|320\/341 brn|[from] brn","|upkeep","|turn|4","|","|move|p2a: Dragapult|Substitute|p2a: Dragapult","|-start|p2a: Dragapult|Substitute","|-damage|p2a: Dragapult|238\/317","|move|p1a: Tyranitar|Dragon Dance|p1a: Tyranitar","|-boost|p1a: Tyranitar|atk|1","|-boost|p1a: Tyranitar|spe|1","|","|-weather|Sandstorm|[upkeep]","|-damage|p2a: Dragapult|219\/317|[from] Sandstorm","|-heal|p2a: Dragapult|238\/317|[from] item: Leftovers","|-damage|p1a: Tyranitar|299\/341 brn|[from] brn","|upkeep","|turn|5","|","|move|p2a: Dragapult|Disable|p1a: Tyranitar","|-start|p1a: Tyranitar|Disable|Dragon Dance","|move|p1a: Tyranitar|Crunch|p2a: Dragapult","|-supereffective|p2a: Dragapult","|-end|p2a: Dragapult|Substitute","|","|-weather|Sandstorm|[upkeep]","|-damage|p2a: Dragapult|219\/317|[from] Sandstorm","|-heal|p2a: Dragapult|238\/317|[from] item: Leftovers","|-damage|p1a: Tyranitar|278\/341 brn|[from] brn","|upkeep","|turn|6","|","|switch|p2a: Ditto|Ditto|300\/300","|-transform|p2a: Ditto|p1a: Tyranitar|[from] ability: Imposter","|move|p1a: Tyranitar|Crunch|p2a: Ditto","|-resisted|p2a: Ditto","|-damage|p2a: Ditto|245\/300","|-unboost|p2a: Ditto|def|1","|","|-weather|Sandstorm|[upkeep]","|-damage|p1a: Tyranitar|257\/341 brn|[from] brn","|upkeep","|turn|7","|","|switch|p1a: Ferrothorn|Ferrothorn, F|352\/352","|move|p2a: Ditto|Earthquake|p1a: Ferrothorn","|-damage|p1a: Ferrothorn|220\/352","|","|-weather|none","|-heal|p1a: Ferrothorn|242\/352|[from] item: Leftovers","|upkeep","|turn|8","|","|switch|p2a: Conkeldurr|Conkeldurr, F|414\/414","|move|p1a: Ferrothorn|Leech Seed|p2a: Conkeldurr","|-start|p2a: Conkeldurr|move: Leech Seed","|","|-heal|p1a: Ferrothorn|264\/352|[from] item: Leftovers","|-damage|p2a: Conkeldurr|363\/414|[from] Leech Seed|[of] p1a: Ferrothorn","|-heal|p1a: Ferrothorn|315\/352|[silent]","|-status|p2a: Conkeldurr|brn|[from] item: Flame Orb","|upkeep","|turn|9","|","|move|p1a: Ferrothorn|Protect|p1a: Ferrothorn","|-singleturn|p1a: Ferrothorn|Protect","|move|p2a: Conkeldurr|Earthquake|p1a: Ferrothorn","|-activate|p1a: Ferrothorn|move: Protect","|","|-heal|p1a: Ferrothorn|337\/352|[from] item: Leftovers","|-damage|p2a: Conkeldurr|312\/414 brn|[from] Leech Seed|[of] p1a: Ferrothorn","|-heal|p1a: Ferrothorn|352\/352|[silent]","|-damage|p2a: Conkeldurr|287\/414 brn|[from] brn","|upkeep","|turn|10","|","|switch|p2a: Dragapult|Dragapult, M|238\/317","|switch|p1a: Araquanid|Araquanid, F|285\/285","|","|-heal|p2a: Dragapult|257\/317|[from] item: Leftovers","|upkeep","|turn|11","|","|switch|p2a: Ditto|Ditto|245\/300","|-transform|p2a: Ditto|p1a: Araquanid|[from] ability: Imposter","|move|p1a: Araquanid|Sticky Web|p2a: Ditto","|-sidestart7676|move: Sticky Web","|","|upkeep","|turn|12","|","|switch|p1a: Mew|Mew|385\/404","|move|p2a: Ditto|Sticky Web|p1a: Mew","|-sidestart17840|move: Sticky Web","|","|-heal|p1a: Mew|404\/404|[from] item: Leftovers","|upkeep","|turn|13","|","|switch|p2a: Corviknight|Corviknight, M|399\/399","|move|p1a: Mew|Bulk Up|p1a: Mew","|-boost|p1a: Mew|atk|1","|-boost|p1a: Mew|def|1","|","|upkeep","|turn|14","|","|move|p1a: Mew|Bulk Up|p1a: Mew","|-boost|p1a: Mew|atk|1","|-boost|p1a: Mew|def|1","|move|p2a: Corviknight|Defog|p1a: Mew","|-unboost|p1a: Mew|evasion|1","|-sideend17840|Sticky Web|[from] move: Defog|[of] p2a: Corviknight","|-sideend7676|Sticky Web|[from] move: Defog|[of] p2a: Corviknight","|","|upkeep","|turn|15","|","|move|p1a: Mew|Bulk Up|p1a: Mew","|-boost|p1a: Mew|atk|1","|-boost|p1a: Mew|def|1","|move|p2a: Corviknight|U-turn|p1a: Mew","|-supereffective|p1a: Mew","|-damage|p1a: Mew|374\/404","|","|switch|p2a: Dragapult|Dragapult, M|257\/317","|","|-heal|p2a: Dragapult|276\/317|[from] item: Leftovers","|-heal|p1a: Mew|399\/404|[from] item: Leftovers","|upkeep","|turn|16","|","|move|p2a: Dragapult|Will-O-Wisp|p1a: Mew","|-status|p1a: Mew|brn","|-activate|p1a: Mew|ability: Synchronize","|-status|p2a: Dragapult|brn","|move|p1a: Mew|Psychic Fangs|p2a: Dragapult","|-damage|p2a: Dragapult|114\/317 brn","|","|-heal|p2a: Dragapult|133\/317 brn|[from] item: Leftovers","|-heal|p1a: Mew|404\/404 brn|[from] item: Leftovers","|-damage|p2a: Dragapult|114\/317 brn|[from] brn","|-damage|p1a: Mew|379\/404 brn|[from] brn","|upkeep","|turn|17","|","|move|p2a: Dragapult|Hex|p1a: Mew","|-supereffective|p1a: Mew","|-damage|p1a: Mew|0 fnt","|faint|p1a: Mew","|","|-heal|p2a: Dragapult|133\/317 brn|[from] item: Leftovers","|-damage|p2a: Dragapult|114\/317 brn|[from] brn","|upkeep","|","|switch|p1a: Inteleon|Inteleon, F|281\/281","|turn|18","|","|switch|p2a: Seismitoad|Seismitoad, F|414\/414","|move|p1a: Inteleon|Ice Beam|p2a: Seismitoad","|-damage|p2a: Seismitoad|261\/414","|","|-heal|p2a: Seismitoad|286\/414|[from] item: Leftovers","|upkeep","|turn|19","|","|move|p1a: Inteleon|Ice Beam|p2a: Seismitoad","|-damage|p2a: Seismitoad|153\/414","|move|p2a: Seismitoad|Stealth Rock|p1a: Inteleon","|-sidestart17840|move: Stealth Rock","|","|-heal|p2a: Seismitoad|178\/414|[from] item: Leftovers","|upkeep","|turn|20","|","|move|p1a: Inteleon|Air Slash|p2a: Seismitoad","|-damage|p2a: Seismitoad|51\/414","|move|p2a: Seismitoad|Earthquake|p1a: Inteleon","|-damage|p1a: Inteleon|134\/281","|","|-heal|p2a: Seismitoad|76\/414|[from] item: Leftovers","|upkeep","|turn|21","|","|switch|p2a: Corviknight|Corviknight, M|399\/399","|move|p1a: Inteleon|Shadow Ball|p2a: Corviknight","|-damage|p2a: Corviknight|314\/399","|","|-heal|p2a: Corviknight|338\/399|[from] item: Leftovers","|upkeep","|turn|22","|","|move|p1a: Inteleon|Snipe Shot|p2a: Corviknight","|-crit|p2a: Corviknight","|-damage|p2a: Corviknight|155\/399","|move|p2a: Corviknight|Brave Bird|p1a: Inteleon","|-damage|p1a: Inteleon|0 fnt","|-damage|p2a: Corviknight|111\/399|[from] Recoil","|faint|p1a: Inteleon","|","|-heal|p2a: Corviknight|135\/399|[from] item: Leftovers","|upkeep","|","|switch|p1a: Tyranitar|Tyranitar, M|257\/341 brn","|-damage|p1a: Tyranitar|215\/341 brn|[from] Stealth Rock","|-weather|Sandstorm|[from] ability: Sand Stream|[of] p1a: Tyranitar","|turn|23","|","|move|p1a: Tyranitar|Stone Edge|p2a: Corviknight","|-damage|p2a: Corviknight|31\/399","|move|p2a: Corviknight|Roost|p2a: Corviknight","|-heal|p2a: Corviknight|231\/399","|-singleturn|p2a: Corviknight|move: Roost","|","|-weather|Sandstorm|[upkeep]","|-heal|p2a: Corviknight|255\/399|[from] item: Leftovers","|-damage|p1a: Tyranitar|194\/341 brn|[from] brn","|upkeep","|turn|24","|","|move|p1a: Tyranitar|Dragon Dance|p1a: Tyranitar","|-boost|p1a: Tyranitar|atk|1","|-boost|p1a: Tyranitar|spe|1","|move|p2a: Corviknight|Roost|p2a: Corviknight","|-heal|p2a: Corviknight|399\/399","|-singleturn|p2a: Corviknight|move: Roost","|","|-weather|Sandstorm|[upkeep]","|-damage|p1a: Tyranitar|173\/341 brn|[from] brn","|upkeep","|turn|25","|","|move|p1a: Tyranitar|Earthquake|p2a: Corviknight","|-immune|p2a: Corviknight","|move|p2a: Corviknight|U-turn|p1a: Tyranitar","|-supereffective|p1a: Tyranitar","|-damage|p1a: Tyranitar|75\/341 brn","|-enditem|p1a: Tyranitar|Weakness Policy","|-boost|p1a: Tyranitar|atk|2","|-boost|p1a: Tyranitar|spa|2","|","|switch|p2a: Ditto|Ditto|245\/300","|-transform|p2a: Ditto|p1a: Tyranitar|[from] ability: Imposter","|","|-weather|Sandstorm|[upkeep]","|-damage|p1a: Tyranitar|54\/341 brn|[from] brn","|upkeep","|turn|26","|","|move|p2a: Ditto|Crunch|p1a: Tyranitar","|-resisted|p1a: Tyranitar","|-damage|p1a: Tyranitar|0 fnt","|faint|p1a: Tyranitar","|","|-weather|Sandstorm|[upkeep]","|upkeep","|","|switch|p1a: Dragapult|Dragapult, F|317\/317","|-damage|p1a: Dragapult|278\/317|[from] Stealth Rock","|turn|27","|","|move|p1a: Dragapult|Dragon Darts|p2a: Ditto","|-damage|p2a: Ditto|170\/300","|-crit|p2a: Ditto","|-damage|p2a: Ditto|52\/300","|-hitcount|p2a: Ditto|2","|move|p2a: Ditto|Crunch|p1a: Dragapult","|-supereffective|p1a: Dragapult","|-damage|p1a: Dragapult|0 fnt","|faint|p1a: Dragapult","|","|-weather|none","|upkeep","|","|switch|p1a: Araquanid|Araquanid, F|285\/285","|-damage|p1a: Araquanid|214\/285|[from] Stealth Rock","|turn|28","|-message|17840 forfeited.","|","|win|7676","|l|\u260617840","|l|\u26067676","|raw|17840's rating: 1383 &rarr; <strong>1366<\/strong><br \/>(-17 for losing)","|raw|7676's rating: 1438 &rarr; <strong>1455<\/strong><br \/>(+17 for winning)",""],"p1":"17840","p1rating":1383,"p1team":[{"ability":"synchronize","evs":{"atk":0,"def":252,"hp":252,"spa":0,"spd":0,"spe":4},"gender":"N","happiness":160,"item":"leftovers","ivs":{"atk":31,"def":31,"hp":31,"spa":31,"spd":31,"spe":31},"level":100,"moves":["taunt","bodypress","psychicfangs","bulkup"],"name":"Mew","nature":"Impish","species":"Mew"},{"ability":"clearbody","evs":{"atk":252,"def":4,"hp":0,"spa":0,"spd":0,"spe":252},"happiness":160,"item":"choicescarf","ivs":{"atk":31,"def":31,"hp":31,"spa":31,"spd":31,"spe":31},"level":100,"moves":["fireblast","uturn","dragondarts","phantomforce"],"name":"Dragapult","nature":"Jolly","species":"Dragapult"},{"ability":"waterabsorb","evs":{"atk":252,"def":224,"hp":32,"spa":0,"spd":0,"spe":0},"happiness":160,"item":"quickclaw","ivs":{"atk":31,"def":31,"hp":31,"spa":31,"spd":31,"spe":31},"level":100,"moves":["leechlife","liquidation","stickyweb","substitute"],"name":"Araquanid","nature":"Adamant","species":"Araquanid"},{"ability":"torrent","evs":{"atk":0,"def":4,"hp":0,"spa":252,"spd":0,"spe":252},"happiness":160,"item":"razorclaw","ivs":{"atk":0,"def":31,"hp":31,"spa":31,"spd":31,"spe":31},"level":100,"moves":["airslash","snipeshot","shadowball","icebeam"],"name":"Inteleon","nature":"Modest","species":"Inteleon"},{"ability":"sandstream","evs":{"atk":252,"def":0,"hp":0,"spa":0,"spd":4,"spe":252},"happiness":160,"item":"weaknesspolicy","ivs":{"atk":31,"def":31,"hp":31,"spa":31,"spd":31,"spe":31},"level":100,"moves":["earthquake","dragondance","crunch","stoneedge"],"name":"Tyranitar","nature":"Adamant","species":"Tyranitar"},{"ability":"ironbarbs","evs":{"atk":0,"def":252,"hp":252,"spa":0,"spd":4,"spe":0},"happiness":160,"item":"leftovers","ivs":{"atk":31,"def":31,"hp":31,"spa":31,"spd":31,"spe":0},"level":100,"moves":["gyroball","leechseed","protect","curse"],"name":"Ferrothorn","nature":"Adamant","species":"Ferrothorn"}],"p2":"7676","p2rating":1438,"p2team":[{"ability":"guts","evs":{"atk":252,"def":0,"hp":252,"spa":0,"spd":4,"spe":0},"happiness":160,"item":"flameorb","ivs":{"atk":31,"def":31,"hp":31,"spa":31,"spd":31,"spe":31},"level":100,"moves":["machpunch","drainpunch","earthquake","facade"],"name":"Conkeldurr","nature":"Adamant","species":"Conkeldurr"},{"ability":"gorillatactics","evs":{"atk":252,"def":0,"hp":0,"spa":0,"spd":4,"spe":252},"happiness":160,"item":"choicescarf","ivs":{"atk":31,"def":31,"hp":31,"spa":31,"spd":31,"spe":31},"level":100,"moves":["earthquake","iciclecrash","flareblitz","uturn"],"name":"Darmanitan","nature":"Jolly","species":"darmanitangalar"},{"ability":"infiltrator","evs":{"atk":0,"def":0,"hp":0,"spa":252,"spd":0,"spe":252},"happiness":160,"item":"leftovers","ivs":{"atk":0,"def":31,"hp":31,"spa":31,"spd":31,"spe":31},"level":100,"moves":["hex","willowisp","disable","substitute"],"name":"Dragapult","nature":"Timid","species":"Dragapult"},{"ability":"mirrorarmor","evs":{"atk":8,"def":0,"hp":248,"spa":0,"spd":252,"spe":0},"happiness":160,"item":"leftovers","ivs":{"atk":31,"def":31,"hp":31,"spa":31,"spd":31,"spe":31},"level":100,"moves":["defog","uturn","bravebird","roost"],"name":"Corviknight","nature":"Careful","species":"Corviknight"},{"ability":"imposter","evs":{"atk":4,"def":252,"hp":252,"spa":0,"spd":0,"spe":0},"gender":"N","happiness":160,"item":"choicescarf","ivs":{"atk":0,"def":31,"hp":31,"spa":31,"spd":31,"spe":31},"level":100,"moves":["transform"],"name":"Ditto","nature":"Impish","species":"Ditto"},{"ability":"waterabsorb","evs":{"atk":4,"def":0,"hp":252,"spa":0,"spd":0,"spe":252},"happiness":160,"item":"leftovers","ivs":{"atk":31,"def":31,"hp":31,"spa":31,"spd":31,"spe":31},"level":100,"moves":["toxic","scald","earthquake","stealthrock"],"name":"Seismitoad","nature":"Jolly","species":"Seismitoad"}],"roomid":101997,"score":[2,6],"seed":[24138,61163,26763,50538],"timestamp":"Mon Dec 30 2019 05:XX","turns":28,"winner":"7676","rated_battle":true,"average_rating":1410}