{"endType":"normal","format":"gen8ou","inputLog":[">version aa9f8c6b9cf4eca780a1296832ecd3b0009641e0",">version-origin 5e8529faaa5905c5f8e15eafaaefa806ee8c7d06",">start {\"formatid\":\"gen8ou\",\"seed\":[50239,25613,51947,16360],\"rated\":\"Rated battle\"}",">player p1 {\"\"name\":\"29504\",\"rating\":1433}",">player p2 {\"\"name\":\"17497\",\"rating\":1474}",">p1 team 2, 1, 3, 4, 5, 6",">p2 team 6, 2, 3, 4, 5, 1",">p1 move taunt",">p2 move knockoff",">p1 move stealthrock",">p2 switch 6",">p1 move taunt",">p2 move shadowball",">p1 move spikes",">p2 move shadowball",">p1 switch 2",">p1 move swordsdance",">p2 switch 6",">p1 move knockoff",">p2 move knockoff",">p2 switch 6",">p1 move aquajet",">p2 move hypervoice",">p1 switch 3",">p1 move uturn",">p2 switch 3",">p1 switch 6",">p1 move nastyplot",">p2 move trick",">p1 move discharge",">p2 move spiritbreak",">p1 move nastyplot",">p2 move taunt",">p1 move discharge",">p2 move spiritbreak",">p1 move discharge",">p2 move spiritbreak",">p2 switch 3",">p1 switch 5",">p2 move psychic",">p1 move nightshade",">p2 switch 2",">p1 move nightshade",">p2 move freezedry",">p1 move strengthsap",">p2 move protect",">p1 move strengthsap",">p2 move perishsong",">p1 switch 4",">p2 move freezedry",">p1 move throatchop",">p2 move whirlpool",">p1 move throatchop",">p2 move whirlpool",">p2 switch 2",">p1 move throatchop",">p2 move mysticalfire",">p1 switch 6",">p1 move uturn",">p2 move mysticalfire",">p1 switch 4",">p2 switch 5",">p1 move taunt",">p2 move dragondance",">p1 move strengthsap",">p2 move powerwhip",">p1 switch 4",">p1 move dracometeor",">p2 switch 4",">p2 switch 4",">p1 switch 5",">p2 move dragondance",">p1 move discharge",">p2 move waterfall",">p1 switch 5",">p1 move shadowball",">p2 move earthquake"],"log":["|j|\u260629504","|j|\u260617497","|player|p1|29504|169|1433","|player|p2|17497|188|1474","|teamsize|p1|6","|teamsize|p2|6","|gametype|singles","|gen|8","|tier|[Gen 8] OU","|rated|","|rule|Sleep Clause Mod: Limit one foe put to sleep","|rule|Species Clause: Limit one of each Pok\u00e9mon","|rule|OHKO Clause: OHKO moves are banned","|rule|Evasion Moves Clause: Evasion moves are banned","|rule|Endless Battle Clause: Forcing endless battles is banned","|rule|HP Percentage Mod: HP is shown in percentages","|clearpoke","|poke|p1|Crawdaunt, F|","|poke|p1|Mew|","|poke|p1|Dragapult, F|","|poke|p1|Bisharp, F|","|poke|p1|Jellicent, M|","|poke|p1|Rotom-Heat|","|poke|p2|Indeedee, M|","|poke|p2|Lapras, M|","|poke|p2|Grimmsnarl, M|","|poke|p2|Dragapult, M|","|poke|p2|Gyarados, M|","|poke|p2|Ferrothorn, F|","|rule|Dynamax Clause: You cannot dynamax","|teampreview","|","|start","|switch|p1a: Mew|Mew|341\/341","|switch|p2a: Ferrothorn|Ferrothorn, F|335\/335","|turn|1","|","|move|p1a: Mew|Taunt|p2a: Ferrothorn","|-start|p2a: Ferrothorn|move: Taunt","|move|p2a: Ferrothorn|Knock Off|p1a: Mew","|-supereffective|p1a: Mew","|-damage|p1a: Mew|189\/341","|-enditem|p1a: Mew|Focus Sash|[from] move: Knock Off|[of] p2a: Ferrothorn","|","|upkeep","|turn|2","|","|switch|p2a: Indeedee|Indeedee, M|261\/261","|-fieldstart|move: Psychic Terrain|[from] ability: Psychic Surge|[of] p2a: Indeedee","|move|p1a: Mew|Stealth Rock|p2a: Indeedee","|-sidestart17497|move: Stealth Rock","|","|upkeep","|turn|3","|","|move|p2a: Indeedee|Shadow Ball|p1a: Mew","|-supereffective|p1a: Mew","|-damage|p1a: Mew|33\/341","|-unboost|p1a: Mew|spd|1","|move|p1a: Mew|Taunt|p2a: Indeedee","|-start|p2a: Indeedee|move: Taunt","|","|upkeep","|turn|4","|","|move|p2a: Indeedee|Shadow Ball|p1a: Mew","|-supereffective|p1a: Mew","|-damage|p1a: Mew|0 fnt","|faint|p1a: Mew","|","|upkeep","|","|switch|p1a: Crawdaunt|Crawdaunt, F|267\/267","|turn|5","|","|switch|p2a: Ferrothorn|Ferrothorn, F|335\/335","|-damage|p2a: Ferrothorn|315\/335|[from] Stealth Rock","|move|p1a: Crawdaunt|Swords Dance|p1a: Crawdaunt","|-boost|p1a: Crawdaunt|atk|2","|","|upkeep","|turn|6","|","|move|p1a: Crawdaunt|Knock Off|p2a: Ferrothorn","|-crit|p2a: Ferrothorn","|-damage|p2a: Ferrothorn|0 fnt","|-damage|p1a: Crawdaunt|234\/267|[from] ability: Iron Barbs|[of] p2a: Ferrothorn","|-damage|p1a: Crawdaunt|190\/267|[from] item: Rocky Helmet|[of] p2a: Ferrothorn","|-enditem|p2a: Ferrothorn|Rocky Helmet|[from] move: Knock Off|[of] p1a: Crawdaunt","|faint|p2a: Ferrothorn","|","|-fieldend|move: Psychic Terrain","|upkeep","|","|switch|p2a: Indeedee|Indeedee, M|261\/261","|-damage|p2a: Indeedee|229\/261|[from] Stealth Rock","|-fieldstart|move: Psychic Terrain|[from] ability: Psychic Surge|[of] p2a: Indeedee","|turn|7","|","|move|p1a: Crawdaunt|Aqua Jet|p2a: Indeedee","|-activate|p2a: Indeedee|move: Psychic Terrain","|move|p2a: Indeedee|Hyper Voice|p1a: Crawdaunt","|-damage|p1a: Crawdaunt|0 fnt","|faint|p1a: Crawdaunt","|","|upkeep","|","|switch|p1a: Dragapult|Dragapult, F|317\/317","|turn|8","|","|switch|p2a: Grimmsnarl|Grimmsnarl, M|393\/393","|-damage|p2a: Grimmsnarl|344\/393|[from] Stealth Rock","|move|p1a: Dragapult|U-turn|p2a: Grimmsnarl","|-damage|p2a: Grimmsnarl|261\/393","|","|switch|p1a: Rotom|Rotom-Heat|304\/304","|","|upkeep","|turn|9","|","|move|p2a: Grimmsnarl|Trick|p1a: Rotom","|-activate|p2a: Grimmsnarl|move: Trick|[of] p1a: Rotom","|-item|p1a: Rotom|Lagging Tail|[from] move: Trick","|-item|p2a: Grimmsnarl|Heavy-Duty Boots|[from] move: Trick","|move|p1a: Rotom|Nasty Plot|p1a: Rotom","|-boost|p1a: Rotom|spa|2","|","|upkeep","|turn|10","|","|move|p2a: Grimmsnarl|Spirit Break|p1a: Rotom","|-resisted|p1a: Rotom","|-damage|p1a: Rotom|253\/304","|-unboost|p1a: Rotom|spa|1","|move|p1a: Rotom|Discharge|p2a: Grimmsnarl","|-damage|p2a: Grimmsnarl|123\/393","|","|upkeep","|turn|11","|","|move|p2a: Grimmsnarl|Taunt|p1a: Rotom","|-start|p1a: Rotom|move: Taunt","|cant|p1a: Rotom|move: Taunt|Nasty Plot","|","|-fieldend|move: Psychic Terrain","|upkeep","|turn|12","|","|move|p2a: Grimmsnarl|Spirit Break|p1a: Rotom","|-resisted|p1a: Rotom","|-damage|p1a: Rotom|201\/304","|-unboost|p1a: Rotom|spa|1","|move|p1a: Rotom|Discharge|p2a: Grimmsnarl","|-damage|p2a: Grimmsnarl|45\/393","|","|upkeep","|turn|13","|","|move|p2a: Grimmsnarl|Spirit Break|p1a: Rotom","|-resisted|p1a: Rotom","|-damage|p1a: Rotom|156\/304","|-unboost|p1a: Rotom|spa|1","|move|p1a: Rotom|Discharge|p2a: Grimmsnarl","|-damage|p2a: Grimmsnarl|0 fnt","|faint|p2a: Grimmsnarl","|","|-end|p1a: Rotom|move: Taunt","|upkeep","|","|switch|p2a: Indeedee|Indeedee, M|229\/261","|-damage|p2a: Indeedee|197\/261|[from] Stealth Rock","|-fieldstart|move: Psychic Terrain|[from] ability: Psychic Surge|[of] p2a: Indeedee","|turn|14","|","|switch|p1a: Jellicent|Jellicent, M|404\/404","|move|p2a: Indeedee|Psychic|p1a: Jellicent","|-damage|p1a: Jellicent|220\/404","|","|-heal|p1a: Jellicent|245\/404|[from] item: Leftovers","|upkeep","|turn|15","|","|switch|p2a: Lapras|Lapras, M|463\/463","|-damage|p2a: Lapras|348\/463|[from] Stealth Rock","|move|p1a: Jellicent|Night Shade|p2a: Lapras","|-damage|p2a: Lapras|248\/463","|","|-heal|p1a: Jellicent|270\/404|[from] item: Leftovers","|-heal|p2a: Lapras|276\/463|[from] item: Leftovers","|upkeep","|turn|16","|","|move|p1a: Jellicent|Night Shade|p2a: Lapras","|-damage|p2a: Lapras|176\/463","|move|p2a: Lapras|Freeze-Dry|p1a: Jellicent","|-supereffective|p1a: Jellicent","|-damage|p1a: Jellicent|130\/404","|","|-heal|p1a: Jellicent|155\/404|[from] item: Leftovers","|-heal|p2a: Lapras|204\/463|[from] item: Leftovers","|upkeep","|turn|17","|","|move|p2a: Lapras|Protect|p2a: Lapras","|-singleturn|p2a: Lapras|Protect","|move|p1a: Jellicent|Strength Sap|p2a: Lapras","|-activate|p2a: Lapras|move: Protect","|","|-heal|p1a: Jellicent|180\/404|[from] item: Leftovers","|-heal|p2a: Lapras|232\/463|[from] item: Leftovers","|upkeep","|turn|18","|","|move|p1a: Jellicent|Strength Sap|p2a: Lapras","|-unboost|p2a: Lapras|atk|1","|-heal|p1a: Jellicent|337\/404","|move|p2a: Lapras|Perish Song|p2a: Lapras","|-start|p1a: Jellicent|perish3|[silent]","|-start|p2a: Lapras|perish3|[silent]","|-fieldactivate|move: Perish Song","|","|-heal|p1a: Jellicent|362\/404|[from] item: Leftovers","|-heal|p2a: Lapras|260\/463|[from] item: Leftovers","|-start|p1a: Jellicent|perish3","|-start|p2a: Lapras|perish3","|-fieldend|move: Psychic Terrain","|upkeep","|turn|19","|","|switch|p1a: Bisharp|Bisharp, F|271\/271","|move|p2a: Lapras|Freeze-Dry|p1a: Bisharp","|-resisted|p1a: Bisharp","|-damage|p1a: Bisharp|220\/271","|","|-heal|p2a: Lapras|288\/463|[from] item: Leftovers","|-start|p2a: Lapras|perish2","|upkeep","|turn|20","|","|move|p1a: Bisharp|Throat Chop|p2a: Lapras","|-damage|p2a: Lapras|128\/463","|-start|p2a: Lapras|Throat Chop|[silent]","|move|p2a: Lapras|Whirlpool|p1a: Bisharp","|-damage|p1a: Bisharp|166\/271","|-activate|p1a: Bisharp|move: Whirlpool|[of] p2a: Lapras","|","|-heal|p2a: Lapras|156\/463|[from] item: Leftovers","|-damage|p1a: Bisharp|133\/271|[from] move: Whirlpool|[partiallytrapped]","|-start|p2a: Lapras|perish1","|upkeep","|turn|21","|","|move|p1a: Bisharp|Throat Chop|p2a: Lapras","|-damage|p2a: Lapras|0 fnt","|faint|p2a: Lapras","|","|-end|p1a: Bisharp|Whirlpool|[partiallytrapped]|[silent]","|upkeep","|","|switch|p2a: Indeedee|Indeedee, M|197\/261","|-damage|p2a: Indeedee|165\/261|[from] Stealth Rock","|-fieldstart|move: Psychic Terrain|[from] ability: Psychic Surge|[of] p2a: Indeedee","|turn|22","|","|move|p2a: Indeedee|Mystical Fire|p1a: Bisharp","|-supereffective|p1a: Bisharp","|-damage|p1a: Bisharp|0 fnt","|faint|p1a: Bisharp","|","|upkeep","|","|switch|p1a: Dragapult|Dragapult, F|317\/317","|turn|23","|","|move|p1a: Dragapult|U-turn|p2a: Indeedee","|-supereffective|p2a: Indeedee","|-damage|p2a: Indeedee|0 fnt","|faint|p2a: Indeedee","|","|switch|p1a: Jellicent|Jellicent, M|362\/404","|","|-heal|p1a: Jellicent|387\/404|[from] item: Leftovers","|upkeep","|","|switch|p2a: Gyarados|Gyarados, M|331\/331","|-damage|p2a: Gyarados|249\/331|[from] Stealth Rock","|turn|24","|","|move|p2a: Gyarados|Dragon Dance|p2a: Gyarados","|-boost|p2a: Gyarados|atk|1","|-boost|p2a: Gyarados|spe|1","|move|p1a: Jellicent|Taunt|p2a: Gyarados","|-start|p2a: Gyarados|move: Taunt","|","|-heal|p1a: Jellicent|404\/404|[from] item: Leftovers","|upkeep","|turn|25","|","|move|p2a: Gyarados|Power Whip|p1a: Jellicent","|-supereffective|p1a: Jellicent","|-damage|p1a: Jellicent|0 fnt","|-damage|p2a: Gyarados|216\/331|[from] item: Life Orb","|faint|p1a: Jellicent","|-ability|p2a: Gyarados|Moxie|boost","|-boost|p2a: Gyarados|atk|1","|","|upkeep","|","|switch|p1a: Dragapult|Dragapult, F|317\/317","|turn|26","|","|switch|p2a: Dragapult|Dragapult, M|317\/317","|-damage|p2a: Dragapult|278\/317|[from] Stealth Rock","|move|p1a: Dragapult|Draco Meteor|p2a: Dragapult","|-supereffective|p2a: Dragapult","|-damage|p2a: Dragapult|0 fnt","|-unboost|p1a: Dragapult|spa|2","|faint|p2a: Dragapult","|","|-fieldend|move: Psychic Terrain","|upkeep","|","|switch|p2a: Gyarados|Gyarados, M|216\/331","|-damage|p2a: Gyarados|134\/331|[from] Stealth Rock","|turn|27","|","|switch|p1a: Rotom|Rotom-Heat|156\/304","|move|p2a: Gyarados|Dragon Dance|p2a: Gyarados","|-boost|p2a: Gyarados|atk|1","|-boost|p2a: Gyarados|spe|1","|","|upkeep","|turn|28","|","|move|p2a: Gyarados|Waterfall|p1a: Rotom","|-supereffective|p1a: Rotom","|-crit|p1a: Rotom","|-damage|p1a: Rotom|0 fnt","|-damage|p2a: Gyarados|101\/331|[from] item: Life Orb","|faint|p1a: Rotom","|-ability|p2a: Gyarados|Moxie|boost","|-boost|p2a: Gyarados|atk|1","|","|upkeep","|","|switch|p1a: Dragapult|Dragapult, F|317\/317","|turn|29","|","|move|p1a: Dragapult|Shadow Ball|p2a: Gyarados","|-damage|p2a: Gyarados|0 fnt","|faint|p2a: Gyarados","|","|win|29504","|l|\u260617497","|raw|29504's rating: 1433 &rarr; <strong>1455<\/strong><br \/>(+22 for winning)","|raw|17497's rating: 1474 &rarr; <strong>1452<\/strong><br \/>(-22 for losing)",""],"p1":"29504","p1rating":1433,"p1team":[{"ability":"adaptability","evs":{"atk":252,"def":0,"hp":0,"spa":0,"spd":4,"spe":252},"happiness":160,"item":"muscleband","ivs":{"atk":31,"def":31,"hp":31,"spa":31,"spd":31,"spe":31},"level":100,"moves":["swordsdance","knockoff","liquidation","aquajet"],"name":"Crawdaunt","nature":"Adamant","species":"Crawdaunt"},{"ability":"synchronize","evs":{"atk":0,"def":4,"hp":0,"spa":252,"spd":0,"spe":252},"gender":"N","happiness":160,"item":"focussash","ivs":{"atk":31,"def":31,"hp":31,"spa":31,"spd":31,"spe":31},"level":100,"moves":["stealthrock","spikes","taunt","flamethrower"],"name":"Mew","nature":"Modest","species":"Mew"},{"ability":"infiltrator","evs":{"atk":0,"def":0,"hp":0,"spa":252,"spd":4,"spe":252},"happiness":160,"item":"choicescarf","ivs":{"atk":31,"def":31,"hp":31,"spa":31,"spd":31,"spe":31},"level":100,"moves":["dracometeor","shadowball","uturn","fireblast"],"name":"Dragapult","nature":"Timid","species":"Dragapult"},{"ability":"defiant","evs":{"atk":252,"def":0,"hp":0,"spa":0,"spd":4,"spe":252},"happiness":160,"item":"blackglasses","ivs":{"atk":31,"def":31,"hp":31,"spa":31,"spd":31,"spe":31},"level":100,"moves":["swordsdance","throatchop","ironhead","suckerpunch"],"name":"Bisharp","nature":"Adamant","species":"Bisharp"},{"ability":"waterabsorb","evs":{"atk":0,"def":212,"hp":252,"spa":0,"spd":0,"spe":44},"gender":"M","happiness":160,"item":"leftovers","ivs":{"atk":0,"def":31,"hp":31,"spa":31,"spd":31,"spe":31},"level":100,"moves":["strengthsap","willowisp","nightshade","taunt"],"name":"Jellicent","nature":"Bold","species":"Jellicent"},{"ability":"levitate","evs":{"atk":0,"def":0,"hp":252,"spa":4,"spd":0,"spe":252},"gender":"N","happiness":160,"item":"heavydutyboots","ivs":{"atk":0,"def":31,"hp":31,"spa":31,"spd":31,"spe":31},"level":100,"moves":["nastyplot","voltswitch","overheat","discharge"],"name":"Rotom","nature":"Timid","species":"rotomheat"}],"p2":"17497","p2rating":1474,"p2team":[{"ability":"psychicsurge","evs":{"atk":0,"def":0,"hp":0,"spa":252,"spd":4,"spe":252},"gender":"M","happiness":160,"item":"choicescarf","ivs":{"atk":0,"def":31,"hp":31,"spa":31,"spd":31,"spe":31},"level":100,"moves":["psychic","mysticalfire","shadowball","hypervoice"],"name":"Indeedee","nature":"Timid","species":"Indeedee"},{"ability":"waterabsorb","evs":{"atk":0,"def":252,"hp":248,"spa":0,"spd":0,"spe":8},"happiness":160,"item":"leftovers","ivs":{"atk":0,"def":31,"hp":31,"spa":31,"spd":31,"spe":31},"level":100,"moves":["freezedry","whirlpool","perishsong","protect"],"name":"Lapras","nature":"Bold","species":"Lapras"},{"ability":"prankster","evs":{"atk":0,"def":8,"hp":248,"spa":0,"spd":252,"spe":0},"gender":"M","happiness":160,"item":"laggingtail","ivs":{"atk":31,"def":31,"hp":31,"spa":31,"spd":31,"spe":31},"level":100,"moves":["trick","spiritbreak","taunt","thunderwave"],"name":"Grimmsnarl","nature":"Careful","species":"Grimmsnarl"},{"ability":"clearbody","evs":{"atk":220,"def":0,"hp":0,"spa":252,"spd":0,"spe":36},"happiness":160,"item":"choicescarf","ivs":{"atk":31,"def":31,"hp":31,"spa":31,"spd":31,"spe":31},"level":100,"moves":["thunderbolt","shadowball","dragondarts","fireblast"],"name":"Dragapult","nature":"Rash","species":"Dragapult"},{"ability":"moxie","evs":{"atk":252,"def":0,"hp":0,"spa":0,"spd":4,"spe":252},"happiness":160,"item":"lifeorb","ivs":{"atk":31,"def":31,"hp":31,"spa":31,"spd":31,"spe":31},"level":100,"moves":["dragondance","powerwhip","earthquake","waterfall"],"name":"Gyarados","nature":"Adamant","species":"Gyarados"},{"ability":"ironbarbs","evs":{"atk":0,"def":120,"hp":184,"spa":0,"spd":204,"spe":0},"happiness":160,"item":"rockyhelmet","ivs":{"atk":31,"def":31,"hp":31,"spa":31,"spd":31,"spe":31},"level":100,"moves":["stealthrock","spikes","leechseed","knockoff"],"name":"Ferrothorn","nature":"Careful","species":"Ferrothorn"}],"roomid":100314,"score":[1,0],"seed":[50239,25613,51947,16360],"timestamp":"Mon Dec 30 2019 00:XX","turns":29,"winner":"29504","rated_battle":true,"average_rating":1453}