{"endType":"forfeit","format":"gen8ou","inputLog":[">version aa9f8c6b9cf4eca780a1296832ecd3b0009641e0",">version-origin 5e8529faaa5905c5f8e15eafaaefa806ee8c7d06",">start {\"formatid\":\"gen8ou\",\"seed\":[21204,1155,17246,35156],\"rated\":\"Rated battle\"}",">player p1 {\"\"name\":\"145926\",\"rating\":1391}",">player p2 {\"\"name\":\"43509\",\"rating\":1457}",">p1 team 1, 2, 3, 4, 5, 6",">p2 team 6, 2, 3, 4, 5, 1",">p1 switch 3",">p2 move uturn",">p2 switch 3",">p1 switch 6",">p2 move mysticalfire",">p1 move knockoff",">p2 switch 5",">p1 switch 4",">p2 move dragondance",">p1 move thunderbolt",">p2 move substitute",">p1 move voltswitch",">p2 switch 6",">p1 switch 3",">p1 move earthquake",">p2 switch 2",">p1 move stealthrock",">p2 switch 3",">p1 move slackoff",">p2 move dracometeor",">p1 move earthquake",">p2 switch 6",">p1 switch 6",">p2 move waterfall",">p1 move powerwhip",">p2 move waterfall",">p2 switch 5",">p1 move protect",">p2 move psychic",">p1 switch 4",">p2 move mysticalfire",">p1 move firelash",">p2 switch 2",">p1 switch 6",">p2 switch 3",">p1 switch 4",">p2 move toxic",">p1 move leechseed",">p2 switch 2",">p1 move protect",">p2 move psychic",">p1 move powerwhip",">p2 move psychic",">p1 switch 6",">p2 move psychic",">p1 move firelash",">p2 move psychic"],"log":["|j|\u2606145926","|j|\u260643509","|player|p1|145926|2|1391","|player|p2|43509|brawly|1457","|teamsize|p1|6","|teamsize|p2|6","|gametype|singles","|gen|8","|tier|[Gen 8] OU","|rated|","|rule|Sleep Clause Mod: Limit one foe put to sleep","|rule|Species Clause: Limit one of each Pok\u00e9mon","|rule|OHKO Clause: OHKO moves are banned","|rule|Evasion Moves Clause: Evasion moves are banned","|rule|Endless Battle Clause: Forcing endless battles is banned","|rule|HP Percentage Mod: HP is shown in percentages","|clearpoke","|poke|p1|Hippowdon, M|","|poke|p1|Bewear, F|","|poke|p1|Ferrothorn, M|","|poke|p1|Rotom-Wash|","|poke|p1|Dragapult, F|","|poke|p1|Centiskorch, M|","|poke|p2|Tyranitar, F|","|poke|p2|Toxapex, M|","|poke|p2|Hatterene, F|","|poke|p2|Aegislash, M|","|poke|p2|Gyarados, F|","|poke|p2|Hydreigon, M|","|rule|Dynamax Clause: You cannot dynamax","|teampreview","|","|start","|switch|p1a: Hippowdon|Hippowdon, M|420\/420","|switch|p2a: Hydreigon|Hydreigon, M|325\/325","|-weather|Sandstorm|[from] ability: Sand Stream|[of] p1a: Hippowdon","|turn|1","|","|switch|p1a: Ferrothorn|Ferrothorn, M|352\/352","|move|p2a: Hydreigon|U-turn|p1a: Ferrothorn","|-damage|p1a: Ferrothorn|316\/352","|-damage|p2a: Hydreigon|285\/325|[from] ability: Iron Barbs|[of] p1a: Ferrothorn","|","|switch|p2a: Hatterene|Hatterene, F|318\/318","|","|-weather|Sandstorm|[upkeep]","|-damage|p2a: Hatterene|299\/318|[from] Sandstorm","|-heal|p1a: Ferrothorn|338\/352|[from] item: Leftovers","|upkeep","|turn|2","|","|switch|p1a: Centiskorch|Centiskorch, M|404\/404","|move|p2a: Hatterene|Mystical Fire|p1a: Centiskorch","|-start|p1a: Centiskorch|ability: Flash Fire","|","|-weather|Sandstorm|[upkeep]","|-damage|p1a: Centiskorch|379\/404|[from] Sandstorm","|-damage|p2a: Hatterene|280\/318|[from] Sandstorm","|upkeep","|turn|3","|","|switch|p2a: Gyarados|Gyarados, F|331\/331","|-ability|p2a: Gyarados|Intimidate|boost","|-unboost|p1a: Centiskorch|atk|1","|move|p1a: Centiskorch|Knock Off|p2a: Gyarados","|-damage|p2a: Gyarados|264\/331","|-enditem|p2a: Gyarados|Leftovers|[from] move: Knock Off|[of] p1a: Centiskorch","|","|-weather|Sandstorm|[upkeep]","|-damage|p2a: Gyarados|244\/331|[from] Sandstorm","|-damage|p1a: Centiskorch|354\/404|[from] Sandstorm","|upkeep","|turn|4","|","|-end|p1a: Centiskorch|ability: Flash Fire|[silent]","|switch|p1a: Rotom|Rotom-Wash|303\/303","|move|p2a: Gyarados|Dragon Dance|p2a: Gyarados","|-boost|p2a: Gyarados|atk|1","|-boost|p2a: Gyarados|spe|1","|","|-weather|Sandstorm|[upkeep]","|-damage|p2a: Gyarados|224\/331|[from] Sandstorm","|-damage|p1a: Rotom|285\/303|[from] Sandstorm","|upkeep","|turn|5","|","|move|p2a: Gyarados|Substitute|p2a: Gyarados","|-start|p2a: Gyarados|Substitute","|-damage|p2a: Gyarados|142\/331","|move|p1a: Rotom|Thunderbolt|p2a: Gyarados","|-supereffective|p2a: Gyarados","|-end|p2a: Gyarados|Substitute","|","|-weather|none","|upkeep","|turn|6","|","|switch|p2a: Tyranitar|Tyranitar, F|404\/404","|-weather|Sandstorm|[from] ability: Sand Stream|[of] p2a: Tyranitar","|move|p1a: Rotom|Volt Switch|p2a: Tyranitar","|-damage|p2a: Tyranitar|367\/404","|","|switch|p1a: Hippowdon|Hippowdon, M|420\/420","|","|-weather|Sandstorm|[upkeep]","|upkeep","|turn|7","|","|switch|p2a: Toxapex|Toxapex, M|304\/304","|move|p1a: Hippowdon|Earthquake|p2a: Toxapex","|-supereffective|p2a: Toxapex","|-damage|p2a: Toxapex|152\/304","|","|-weather|Sandstorm|[upkeep]","|-damage|p2a: Toxapex|133\/304|[from] Sandstorm","|-heal|p2a: Toxapex|152\/304|[from] item: Black Sludge","|upkeep","|turn|8","|","|switch|p2a: Hydreigon|Hydreigon, M|285\/325","|move|p1a: Hippowdon|Stealth Rock|p2a: Hydreigon","|-sidestart43509|move: Stealth Rock","|","|-weather|Sandstorm|[upkeep]","|-damage|p2a: Hydreigon|265\/325|[from] Sandstorm","|upkeep","|turn|9","|","|move|p2a: Hydreigon|Draco Meteor|p1a: Hippowdon","|-damage|p1a: Hippowdon|204\/420","|-unboost|p2a: Hydreigon|spa|2","|move|p1a: Hippowdon|Slack Off|p1a: Hippowdon","|-heal|p1a: Hippowdon|414\/420","|","|-weather|Sandstorm|[upkeep]","|-damage|p2a: Hydreigon|245\/325|[from] Sandstorm","|-heal|p1a: Hippowdon|420\/420|[from] item: Leftovers","|upkeep","|turn|10","|","|switch|p2a: Gyarados|Gyarados, F|142\/331","|-damage|p2a: Gyarados|60\/331|[from] Stealth Rock","|-ability|p2a: Gyarados|Intimidate|boost","|-unboost|p1a: Hippowdon|atk|1","|move|p1a: Hippowdon|Earthquake|p2a: Gyarados","|-immune|p2a: Gyarados","|","|-weather|none","|upkeep","|turn|11","|","|switch|p1a: Ferrothorn|Ferrothorn, M|338\/352","|move|p2a: Gyarados|Waterfall|p1a: Ferrothorn","|-resisted|p1a: Ferrothorn","|-damage|p1a: Ferrothorn|296\/352","|-damage|p2a: Gyarados|19\/331|[from] ability: Iron Barbs|[of] p1a: Ferrothorn","|","|-heal|p1a: Ferrothorn|318\/352|[from] item: Leftovers","|upkeep","|turn|12","|","|move|p2a: Gyarados|Waterfall|p1a: Ferrothorn","|-resisted|p1a: Ferrothorn","|-damage|p1a: Ferrothorn|275\/352","|-damage|p2a: Gyarados|0 fnt|[from] ability: Iron Barbs|[of] p1a: Ferrothorn","|faint|p2a: Gyarados","|move|p1a: Ferrothorn|Power Whip|p2: Gyarados|[notarget]","|-fail|p1a: Ferrothorn","|","|-heal|p1a: Ferrothorn|297\/352|[from] item: Leftovers","|upkeep","|","|switch|p2a: Hatterene|Hatterene, F|280\/318","|-damage|p2a: Hatterene|241\/318|[from] Stealth Rock","|turn|13","|","|move|p1a: Ferrothorn|Protect|p1a: Ferrothorn","|-singleturn|p1a: Ferrothorn|Protect","|move|p2a: Hatterene|Psychic|p1a: Ferrothorn","|-activate|p1a: Ferrothorn|move: Protect","|","|-heal|p1a: Ferrothorn|319\/352|[from] item: Leftovers","|upkeep","|turn|14","|","|switch|p1a: Centiskorch|Centiskorch, M|354\/404","|move|p2a: Hatterene|Mystical Fire|p1a: Centiskorch","|-start|p1a: Centiskorch|ability: Flash Fire","|","|upkeep","|turn|15","|","|switch|p2a: Tyranitar|Tyranitar, F|367\/404","|-damage|p2a: Tyranitar|317\/404|[from] Stealth Rock","|-weather|Sandstorm|[from] ability: Sand Stream|[of] p2a: Tyranitar","|move|p1a: Centiskorch|Fire Lash|p2a: Tyranitar","|-resisted|p2a: Tyranitar","|-crit|p2a: Tyranitar","|-damage|p2a: Tyranitar|200\/404","|-unboost|p2a: Tyranitar|def|1","|","|-weather|Sandstorm|[upkeep]","|-damage|p1a: Centiskorch|329\/404|[from] Sandstorm","|upkeep","|turn|16","|","|-end|p1a: Centiskorch|ability: Flash Fire|[silent]","|switch|p1a: Hippowdon|Hippowdon, M|420\/420","|switch|p2a: Toxapex|Toxapex, M|253\/304","|-damage|p2a: Toxapex|215\/304|[from] Stealth Rock","|","|-weather|Sandstorm|[upkeep]","|-damage|p2a: Toxapex|196\/304|[from] Sandstorm","|-heal|p2a: Toxapex|215\/304|[from] item: Black Sludge","|upkeep","|turn|17","|","|switch|p1a: Ferrothorn|Ferrothorn, M|319\/352","|move|p2a: Toxapex|Toxic|p1a: Ferrothorn","|-immune|p1a: Ferrothorn","|","|-weather|Sandstorm|[upkeep]","|-damage|p2a: Toxapex|196\/304|[from] Sandstorm","|-heal|p2a: Toxapex|215\/304|[from] item: Black Sludge","|-heal|p1a: Ferrothorn|341\/352|[from] item: Leftovers","|upkeep","|turn|18","|","|switch|p2a: Hatterene|Hatterene, F|241\/318","|-damage|p2a: Hatterene|202\/318|[from] Stealth Rock","|move|p1a: Ferrothorn|Leech Seed|p2a: Hatterene","|move|p2a: Hatterene|Leech Seed|p1a: Ferrothorn|[from]Magic Bounce","|-immune|p1a: Ferrothorn","|","|-weather|Sandstorm|[upkeep]","|-damage|p2a: Hatterene|183\/318|[from] Sandstorm","|-heal|p1a: Ferrothorn|352\/352|[from] item: Leftovers","|upkeep","|turn|19","|","|move|p1a: Ferrothorn|Protect|p1a: Ferrothorn","|-singleturn|p1a: Ferrothorn|Protect","|move|p2a: Hatterene|Psychic|p1a: Ferrothorn","|-activate|p1a: Ferrothorn|move: Protect","|","|-weather|none","|upkeep","|turn|20","|","|move|p2a: Hatterene|Psychic|p1a: Ferrothorn","|-resisted|p1a: Ferrothorn","|-damage|p1a: Ferrothorn|274\/352","|move|p1a: Ferrothorn|Power Whip|p2a: Hatterene","|-damage|p2a: Hatterene|48\/318","|","|-heal|p1a: Ferrothorn|296\/352|[from] item: Leftovers","|upkeep","|turn|21","|","|switch|p1a: Centiskorch|Centiskorch, M|329\/404","|move|p2a: Hatterene|Psychic|p1a: Centiskorch","|-damage|p1a: Centiskorch|194\/404","|","|upkeep","|turn|22","|","|move|p1a: Centiskorch|Fire Lash|p2a: Hatterene","|-damage|p2a: Hatterene|0 fnt","|faint|p2a: Hatterene","|","|upkeep","|-message|43509 forfeited.","|","|win|145926","|l|\u260643509","|raw|145926's rating: 1391 &rarr; <strong>1415<\/strong><br \/>(+24 for winning)","|raw|43509's rating: 1457 &rarr; <strong>1433<\/strong><br \/>(-24 for losing)",""],"p1":"145926","p1rating":1391,"p1team":[{"ability":"sandstream","evs":{"atk":0,"def":72,"hp":252,"spa":0,"spd":184,"spe":0},"happiness":160,"item":"leftovers","ivs":{"atk":31,"def":31,"hp":31,"spa":31,"spd":31,"spe":31},"level":100,"moves":["earthquake","slackoff","whirlwind","stealthrock"],"name":"Hippowdon","nature":"Impish","species":"Hippowdon"},{"ability":"fluffy","evs":{"atk":252,"def":4,"hp":0,"spa":0,"spd":0,"spe":252},"happiness":160,"item":"choiceband","ivs":{"atk":31,"def":31,"hp":31,"spa":31,"spd":31,"spe":31},"level":100,"moves":["closecombat","darkestlariat","drainpunch","earthquake"],"name":"Bewear","nature":"Adamant","species":"Bewear"},{"ability":"ironbarbs","evs":{"atk":0,"def":248,"hp":252,"spa":0,"spd":8,"spe":0},"happiness":160,"item":"leftovers","ivs":{"atk":31,"def":31,"hp":31,"spa":31,"spd":31,"spe":31},"level":100,"moves":["powerwhip","leechseed","protect","spikes"],"name":"Ferrothorn","nature":"Impish","species":"Ferrothorn"},{"ability":"levitate","evs":{"atk":0,"def":0,"hp":248,"spa":44,"spd":0,"spe":216},"gender":"N","happiness":160,"item":"iapapaberry","ivs":{"atk":0,"def":31,"hp":31,"spa":31,"spd":31,"spe":31},"level":100,"moves":["voltswitch","hydropump","thunderbolt","nastyplot"],"name":"Rotom","nature":"Timid","species":"rotomwash"},{"ability":"infiltrator","evs":{"atk":0,"def":0,"hp":0,"spa":252,"spd":4,"spe":252},"happiness":160,"item":"choicescarf","ivs":{"atk":31,"def":31,"hp":31,"spa":31,"spd":31,"spe":31},"level":100,"moves":["dracometeor","shadowball","uturn","fireblast"],"name":"Dragapult","nature":"Timid","species":"Dragapult"},{"ability":"flashfire","evs":{"atk":0,"def":0,"hp":252,"spa":0,"spd":236,"spe":20},"happiness":160,"item":"heavydutyboots","ivs":{"atk":31,"def":31,"hp":31,"spa":31,"spd":31,"spe":31},"level":100,"moves":["firelash","knockoff","rest","sleeptalk"],"name":"Centiskorch","nature":"Careful","species":"Centiskorch"}],"p2":"43509","p2rating":1457,"p2team":[{"ability":"sandstream","evs":{"atk":252,"def":0,"hp":252,"spa":0,"spd":4,"spe":0},"gender":"F","happiness":160,"item":"assaultvest","ivs":{"atk":31,"def":31,"hp":31,"spa":31,"spd":31,"spe":31},"level":100,"moves":["crunch","stoneedge","earthquake","firepunch"],"name":"Tyranitar","nature":"Adamant","species":"Tyranitar"},{"ability":"regenerator","evs":{"atk":0,"def":252,"hp":252,"spa":0,"spd":4,"spe":0},"happiness":160,"item":"blacksludge","ivs":{"atk":0,"def":31,"hp":31,"spa":31,"spd":31,"spe":31},"level":100,"moves":["scald","toxic","haze","recover"],"name":"Toxapex","nature":"Bold","species":"Toxapex"},{"ability":"magicbounce","evs":{"atk":0,"def":0,"hp":252,"spa":252,"spd":4,"spe":0},"gender":"F","happiness":160,"item":"assaultvest","ivs":{"atk":0,"def":31,"hp":31,"spa":31,"spd":31,"spe":31},"level":100,"moves":["psychic","dazzlinggleam","mysticalfire","gigadrain"],"name":"Hatterene","nature":"Quiet","species":"Hatterene"},{"ability":"stancechange","evs":{"atk":252,"def":0,"hp":252,"spa":0,"spd":4,"spe":0},"gender":"M","happiness":160,"item":"leftovers","ivs":{"atk":31,"def":31,"hp":31,"spa":31,"spd":31,"spe":31},"level":100,"moves":["shadowsneak","ironhead","closecombat","kingsshield"],"name":"Aegislash","nature":"Brave","species":"Aegislash"},{"ability":"intimidate","evs":{"atk":252,"def":0,"hp":0,"spa":0,"spd":4,"spe":252},"happiness":160,"item":"leftovers","ivs":{"atk":31,"def":31,"hp":31,"spa":31,"spd":31,"spe":31},"level":100,"moves":["waterfall","bounce","substitute","dragondance"],"name":"Gyarados","nature":"Jolly","species":"Gyarados"},{"ability":"levitate","evs":{"atk":4,"def":0,"hp":0,"spa":252,"spd":0,"spe":252},"gender":"M","happiness":160,"item":"choicescarf","ivs":{"atk":31,"def":31,"hp":31,"spa":31,"spd":31,"spe":31},"level":100,"moves":["dracometeor","darkpulse","fireblast","uturn"],"name":"Hydreigon","nature":"Hasty","species":"Hydreigon"}],"roomid":1022610,"score":[6,4],"seed":[21204,1155,17246,35156],"timestamp":"Sat Dec 28 2019 08:XX","turns":22,"winner":"145926","rated_battle":true,"average_rating":1424}