{"endType":"forfeit","format":"gen8ou","inputLog":[">version aa9f8c6b9cf4eca780a1296832ecd3b0009641e0",">version-origin 5e8529faaa5905c5f8e15eafaaefa806ee8c7d06",">start {\"formatid\":\"gen8ou\",\"seed\":[41892,5398,34668,25062],\"rated\":\"Rated battle\"}",">player p1 {\"\"name\":\"145738\",\"rating\":1238}",">player p2 {\"\"name\":\"123198\",\"rating\":1186}",">p1 team 2, 1, 3, 4, 5, 6",">p2 team 6, 2, 3, 4, 5, 1",">p1 move trick",">p2 switch 3",">p1 move voltswitch",">p2 move moonblast",">p1 switch 4",">p1 switch 5",">p2 switch 5",">p1 switch 6",">p2 move soak",">p1 move knockoff",">p2 move toxic",">p1 switch 4",">p2 switch 5",">p1 move voltswitch",">p2 move mysticalfire",">p1 switch 6",">p1 move highjumpkick",">p2 switch 3",">p1 switch 5",">p2 move toxic",">p1 move rockslide",">p2 switch 5",">p1 move rockslide",">p2 move recover",">p1 switch 6",">p2 move soak",">p1 move voltswitch",">p2 move toxic",">p1 switch 3",">p1 move thunderbolt",">p2 switch 6",">p1 switch 4",">p2 move mirrorcoat",">p1 move knockoff",">p2 switch 6",">p1 move bravebird",">p2 move recover",">p1 switch 3",">p2 move recover",">p1 move willowisp",">p2 move toxic",">p1 move willowisp",">p2 switch 3",">p1 move voltswitch",">p2 move wish",">p1 switch 5",">p1 move pyroball",">p2 switch 6",">p1 switch 4",">p2 move strengthsap",">p1 move shadowball",">p2 move mirrorcoat",">p1 switch 6",">p1 move ironhead",">p2 move strengthsap",">p2 switch 6",">p1 move playrough",">p2 move wish",">p2 switch 5",">p1 move earthquake",">p2 move scald",">p1 move earthquake",">p2 move scald",">p1 switch 2",">p2 move scald",">p1 move thunderwave",">p2 switch 4",">p1 move wish",">p2 move wish",">p1 switch 5",">p2 switch 3"],"log":["|j|\u2606145738","|j|\u2606123198","|player|p1|145738|17|1238","|player|p2|123198|cynthia-gen4|1186","|teamsize|p1|6","|teamsize|p2|6","|gametype|singles","|gen|8","|tier|[Gen 8] OU","|rated|","|rule|Sleep Clause Mod: Limit one foe put to sleep","|rule|Species Clause: Limit one of each Pok\u00e9mon","|rule|OHKO Clause: OHKO moves are banned","|rule|Evasion Moves Clause: Evasion moves are banned","|rule|Endless Battle Clause: Forcing endless battles is banned","|rule|HP Percentage Mod: HP is shown in percentages","|clearpoke","|poke|p1|Clefable, F|","|poke|p1|Rotom-Wash|","|poke|p1|Dragapult, F|","|poke|p1|Copperajah, F|","|poke|p1|Cinderace, F|","|poke|p1|Mandibuzz, F|","|poke|p2|Corsola-Galar, F|","|poke|p2|Corviknight, M|","|poke|p2|Clefable, F|","|poke|p2|Aromatisse, F|","|poke|p2|Pyukumuku, M|","|poke|p2|Toxapex, M|","|rule|Dynamax Clause: You cannot dynamax","|teampreview","|","|start","|switch|p1a: Rotom|Rotom-Wash, shiny|304\/304","|switch|p2a: Brattle|Toxapex, M|304\/304","|turn|1","|","|switch|p2a: Sailormoon|Clefable, F|394\/394","|move|p1a: Rotom|Trick|p2a: Sailormoon","|-activate|p1a: Rotom|move: Trick|[of] p2a: Sailormoon","|-item|p2a: Sailormoon|Choice Scarf|[from] move: Trick","|-item|p1a: Rotom|Leftovers|[from] move: Trick","|","|upkeep","|turn|2","|","|move|p2a: Sailormoon|Moonblast|p1a: Rotom","|-damage|p1a: Rotom|198\/304","|move|p1a: Rotom|Volt Switch|p2a: Sailormoon","|-damage|p2a: Sailormoon|318\/394","|","|switch|p1a: Copperajah|Copperajah, F, shiny|448\/448","|","|upkeep","|turn|3","|","|switch|p2a: Bundle of Joy|Pyukumuku, M|314\/314","|switch|p1a: Cinderace|Cinderace, F|301\/301","|","|upkeep","|turn|4","|","|switch|p1a: Mandibuzz|Mandibuzz, F|423\/423","|move|p2a: Bundle of Joy|Soak|p1a: Mandibuzz","|-start|p1a: Mandibuzz|typechange|Water","|","|upkeep","|turn|5","|","|move|p1a: Mandibuzz|Knock Off|p2a: Bundle of Joy","|-damage|p2a: Bundle of Joy|273\/314","|-enditem|p2a: Bundle of Joy|Leftovers|[from] move: Knock Off|[of] p1a: Mandibuzz","|move|p2a: Bundle of Joy|Toxic|p1a: Mandibuzz","|-status|p1a: Mandibuzz|tox","|","|-damage|p1a: Mandibuzz|397\/423 tox|[from] psn","|upkeep","|turn|6","|","|switch|p1a: Rotom|Rotom-Wash, shiny|198\/304","|switch|p2a: Sailormoon|Clefable, F|318\/394","|","|-heal|p1a: Rotom|217\/304|[from] item: Leftovers","|upkeep","|turn|7","|","|move|p2a: Sailormoon|Mystical Fire|p1a: Rotom","|-resisted|p1a: Rotom","|-damage|p1a: Rotom|190\/304","|-unboost|p1a: Rotom|spa|1","|move|p1a: Rotom|Volt Switch|p2a: Sailormoon","|-damage|p2a: Sailormoon|260\/394","|","|switch|p1a: Cinderace|Cinderace, F|301\/301","|","|upkeep","|turn|8","|","|switch|p2a: Brattle|Toxapex, M|304\/304","|move|p1a: Cinderace|High Jump Kick|p2a: Brattle","|-resisted|p2a: Brattle","|-damage|p2a: Brattle|253\/304","|-damage|p1a: Cinderace|271\/301|[from] item: Life Orb","|","|-heal|p2a: Brattle|272\/304|[from] item: Black Sludge","|upkeep","|turn|9","|","|switch|p1a: Copperajah|Copperajah, F, shiny|448\/448","|move|p2a: Brattle|Toxic|p1a: Copperajah","|-immune|p1a: Copperajah","|","|-heal|p2a: Brattle|291\/304|[from] item: Black Sludge","|upkeep","|turn|10","|","|switch|p2a: Bundle of Joy|Pyukumuku, M|273\/314","|move|p1a: Copperajah|Rock Slide|p2a: Bundle of Joy","|-damage|p2a: Bundle of Joy|162\/314","|","|upkeep","|turn|11","|","|move|p1a: Copperajah|Rock Slide|p2a: Bundle of Joy","|-damage|p2a: Bundle of Joy|57\/314","|move|p2a: Bundle of Joy|Recover|p2a: Bundle of Joy","|-heal|p2a: Bundle of Joy|214\/314","|","|upkeep","|turn|12","|","|switch|p1a: Rotom|Rotom-Wash, shiny|190\/304","|move|p2a: Bundle of Joy|Soak|p1a: Rotom","|-start|p1a: Rotom|typechange|Water","|","|-heal|p1a: Rotom|209\/304|[from] item: Leftovers","|upkeep","|turn|13","|","|move|p1a: Rotom|Volt Switch|p2a: Bundle of Joy","|-supereffective|p2a: Bundle of Joy","|-damage|p2a: Bundle of Joy|128\/314","|","|switch|p1a: Dragapult|Dragapult, F|317\/317","|move|p2a: Bundle of Joy|Toxic|p1a: Dragapult","|-status|p1a: Dragapult|tox","|","|-damage|p1a: Dragapult|298\/317 tox|[from] psn","|upkeep","|turn|14","|","|switch|p2a: Bleach You|Corsola-Galar, F|324\/324","|move|p1a: Dragapult|Thunderbolt|p2a: Bleach You","|-damage|p2a: Bleach You|232\/324","|-start|p1a: Dragapult|Disable|Thunderbolt|[from] ability: Cursed Body|[of] p2a: Bleach You","|","|-damage|p1a: Dragapult|260\/317 tox|[from] psn","|upkeep","|turn|15","|","|switch|p1a: Mandibuzz|Mandibuzz, F|397\/423 tox","|move|p2a: Bleach You|Mirror Coat|p1a: Mandibuzz","|-immune|p1a: Mandibuzz","|","|-heal|p1a: Mandibuzz|423\/423 tox|[from] item: Leftovers","|-damage|p1a: Mandibuzz|397\/423 tox|[from] psn","|upkeep","|turn|16","|","|switch|p2a: Bundle of Joy|Pyukumuku, M|128\/314","|move|p1a: Mandibuzz|Knock Off|p2a: Bundle of Joy","|-damage|p2a: Bundle of Joy|86\/314","|","|-heal|p1a: Mandibuzz|423\/423 tox|[from] item: Leftovers","|-damage|p1a: Mandibuzz|371\/423 tox|[from] psn","|upkeep","|turn|17","|","|move|p1a: Mandibuzz|Brave Bird|p2a: Bundle of Joy","|-damage|p2a: Bundle of Joy|8\/314","|-damage|p1a: Mandibuzz|345\/423 tox|[from] Recoil","|move|p2a: Bundle of Joy|Recover|p2a: Bundle of Joy","|-heal|p2a: Bundle of Joy|165\/314","|","|-heal|p1a: Mandibuzz|371\/423 tox|[from] item: Leftovers","|-damage|p1a: Mandibuzz|293\/423 tox|[from] psn","|upkeep","|turn|18","|","|switch|p1a: Rotom|Rotom-Wash, shiny|209\/304","|move|p2a: Bundle of Joy|Recover|p2a: Bundle of Joy","|-heal|p2a: Bundle of Joy|314\/314","|","|-heal|p1a: Rotom|228\/304|[from] item: Leftovers","|upkeep","|turn|19","|","|move|p1a: Rotom|Will-O-Wisp|p2a: Bundle of Joy|[miss]","|-miss|p1a: Rotom|p2a: Bundle of Joy","|move|p2a: Bundle of Joy|Toxic|p1a: Rotom","|-status|p1a: Rotom|tox","|","|-heal|p1a: Rotom|247\/304 tox|[from] item: Leftovers","|-damage|p1a: Rotom|228\/304 tox|[from] psn","|upkeep","|turn|20","|","|switch|p2a: Sailormoon|Clefable, F|260\/394","|move|p1a: Rotom|Will-O-Wisp|p2a: Sailormoon","|-status|p2a: Sailormoon|brn","|","|-heal|p1a: Rotom|247\/304 tox|[from] item: Leftovers","|-damage|p1a: Rotom|209\/304 tox|[from] psn","|upkeep","|turn|21","|","|move|p2a: Sailormoon|Wish|p2a: Sailormoon","|move|p1a: Rotom|Volt Switch|p2a: Sailormoon","|-damage|p2a: Sailormoon|179\/394 brn","|","|switch|p1a: Cinderace|Cinderace, F|271\/301","|","|upkeep","|turn|22","|","|switch|p2a: Bleach You|Corsola-Galar, F|232\/324","|move|p1a: Cinderace|Pyro Ball|p2a: Bleach You","|-damage|p2a: Bleach You|107\/324","|-damage|p1a: Cinderace|241\/301|[from] item: Life Orb","|","|-heal|p2a: Bleach You|304\/324|[from] move: Wish|[wisher] Sailormoon","|upkeep","|turn|23","|","|switch|p1a: Dragapult|Dragapult, F|260\/317 tox","|move|p2a: Bleach You|Strength Sap|p1a: Dragapult","|-fail|p1a: Dragapult|unboost|[from] ability: Clear Body|[of] p1a: Dragapult","|-heal|p2a: Bleach You|324\/324","|","|-damage|p1a: Dragapult|241\/317 tox|[from] psn","|upkeep","|turn|24","|","|move|p1a: Dragapult|Shadow Ball|p2a: Bleach You","|-supereffective|p2a: Bleach You","|-damage|p2a: Bleach You|76\/324","|move|p2a: Bleach You|Mirror Coat|p1a: Dragapult","|-damage|p1a: Dragapult|0 fnt","|faint|p1a: Dragapult","|","|upkeep","|","|switch|p1a: Copperajah|Copperajah, F, shiny|448\/448","|turn|25","|","|move|p1a: Copperajah|Iron Head|p2a: Bleach You","|-damage|p2a: Bleach You|0 fnt","|-start|p1a: Copperajah|Disable|Iron Head|[from] ability: Cursed Body|[of] p2a: Bleach You","|faint|p2a: Bleach You","|","|upkeep","|","|switch|p2a: Sailormoon|Clefable, F|179\/394 brn","|turn|26","|","|move|p2a: Sailormoon|Wish|p2a: Sailormoon","|move|p1a: Copperajah|Play Rough|p2a: Sailormoon","|-damage|p2a: Sailormoon|0 fnt","|faint|p2a: Sailormoon","|","|upkeep","|","|switch|p2a: Brattle|Toxapex, M|304\/304","|turn|27","|","|move|p2a: Brattle|Scald|p1a: Copperajah","|-damage|p1a: Copperajah|394\/448","|move|p1a: Copperajah|Earthquake|p2a: Brattle","|-supereffective|p2a: Brattle","|-damage|p2a: Brattle|154\/304","|","|-heal|p2a: Brattle|304\/304|[from] move: Wish|[wisher] Sailormoon","|upkeep","|turn|28","|","|move|p2a: Brattle|Scald|p1a: Copperajah","|-damage|p1a: Copperajah|343\/448","|move|p1a: Copperajah|Earthquake|p2a: Brattle","|-supereffective|p2a: Brattle","|-damage|p2a: Brattle|168\/304","|","|-heal|p2a: Brattle|187\/304|[from] item: Black Sludge","|-end|p1a: Copperajah|Disable","|upkeep","|turn|29","|","|switch|p1a: Clefable|Clefable, F, shiny|394\/394","|move|p2a: Brattle|Scald|p1a: Clefable","|-damage|p1a: Clefable|352\/394","|-status|p1a: Clefable|brn","|","|-heal|p1a: Clefable|376\/394 brn|[from] item: Leftovers","|-heal|p2a: Brattle|206\/304|[from] item: Black Sludge","|upkeep","|turn|30","|","|switch|p2a: Kiki|Aromatisse, F|406\/406","|move|p1a: Clefable|Thunder Wave|p2a: Kiki","|-status|p2a: Kiki|par","|","|-heal|p1a: Clefable|394\/394 brn|[from] item: Leftovers","|upkeep","|turn|31","|","|move|p1a: Clefable|Wish|p1a: Clefable","|move|p2a: Kiki|Wish|p2a: Kiki","|","|upkeep","|turn|32","|","|switch|p1a: Rotom|Rotom-Wash, shiny|209\/304 tox","|switch|p2a: Bundle of Joy|Pyukumuku, M|314\/314","|","|-heal|p1a: Rotom|304\/304 tox|[from] move: Wish|[wisher] Clefable","|-damage|p1a: Rotom|285\/304 tox|[from] psn","|upkeep","|turn|33","|-message|123198 forfeited.","|","|win|145738","|l|\u2606123198","|raw|145738's rating: 1238 &rarr; <strong>1260<\/strong><br \/>(+22 for winning)","|raw|123198's rating: 1186 &rarr; <strong>1165<\/strong><br \/>(-21 for losing)",""],"p1":"145738","p1rating":1238,"p1team":[{"ability":"magicguard","evs":{"atk":0,"def":0,"hp":252,"spa":4,"spd":252,"spe":0},"gender":"F","happiness":160,"item":"leftovers","ivs":{"atk":0,"def":31,"hp":31,"spa":31,"spd":31,"spe":31},"level":100,"moves":["wish","moonblast","thunderwave","protect"],"name":"Clefable","nature":"Calm","shiny":true,"species":"Clefable"},{"ability":"levitate","evs":{"atk":0,"def":4,"hp":252,"spa":252,"spd":0,"spe":0},"gender":"N","happiness":160,"item":"choicescarf","ivs":{"atk":0,"def":31,"hp":31,"spa":31,"spd":31,"spe":31},"level":100,"moves":["voltswitch","willowisp","hydropump","trick"],"name":"Rotom","nature":"Serious","shiny":true,"species":"rotomwash"},{"ability":"clearbody","evs":{"atk":0,"def":0,"hp":0,"spa":252,"spd":4,"spe":252},"happiness":160,"item":"choicespecs","ivs":{"atk":0,"def":31,"hp":31,"spa":31,"spd":31,"spe":31},"level":100,"moves":["dracometeor","shadowball","flamethrower","thunderbolt"],"name":"Dragapult","nature":"Timid","species":"Dragapult"},{"ability":"sheerforce","evs":{"atk":252,"def":4,"hp":252,"spa":0,"spd":0,"spe":0},"happiness":160,"item":"assaultvest","ivs":{"atk":31,"def":31,"hp":31,"spa":31,"spd":31,"spe":31},"level":100,"moves":["ironhead","playrough","rockslide","earthquake"],"name":"Copperajah","nature":"Adamant","shiny":true,"species":"Copperajah"},{"ability":"blaze","evs":{"atk":252,"def":0,"hp":0,"spa":0,"spd":4,"spe":252},"happiness":160,"item":"lifeorb","ivs":{"atk":31,"def":31,"hp":31,"spa":31,"spd":31,"spe":31},"level":100,"moves":["gunkshot","highjumpkick","pyroball","courtchange"],"name":"Cinderace","nature":"Jolly","species":"Cinderace"},{"ability":"overcoat","evs":{"atk":0,"def":252,"hp":248,"spa":0,"spd":8,"spe":0},"gender":"F","happiness":160,"item":"leftovers","ivs":{"atk":31,"def":31,"hp":31,"spa":31,"spd":31,"spe":31},"level":100,"moves":["defog","knockoff","bravebird","roost"],"name":"Mandibuzz","nature":"Serious","species":"Mandibuzz"}],"p2":"123198","p2rating":1186,"p2team":[{"ability":"cursedbody","evs":{"atk":0,"def":252,"hp":252,"spa":0,"spd":4,"spe":0},"gender":"F","happiness":160,"item":"eviolite","ivs":{"atk":0,"def":31,"hp":31,"spa":31,"spd":31,"spe":31},"level":100,"moves":["strengthsap","haze","nightshade","mirrorcoat"],"name":"Bleach You","nature":"Relaxed","species":"corsolagalar"},{"ability":"pressure","evs":{"atk":4,"def":252,"hp":252,"spa":0,"spd":0,"spe":0},"gender":"M","happiness":160,"item":"leftovers","ivs":{"atk":31,"def":31,"hp":31,"spa":31,"spd":31,"spe":31},"level":100,"moves":["defog","roost","taunt","ironhead"],"name":"Crowavenalot","nature":"Impish","species":"corviknight"},{"ability":"magicguard","evs":{"atk":0,"def":0,"hp":252,"spa":4,"spd":252,"spe":0},"gender":"F","happiness":160,"item":"leftovers","ivs":{"atk":0,"def":31,"hp":31,"spa":31,"spd":31,"spe":31},"level":100,"moves":["aromatherapy","wish","moonblast","mysticalfire"],"name":"Sailormoon","nature":"Calm","species":"clefable"},{"ability":"aromaveil","evs":{"atk":0,"def":4,"hp":252,"spa":0,"spd":252,"spe":0},"gender":"F","happiness":160,"item":"leftovers","ivs":{"atk":0,"def":31,"hp":31,"spa":31,"spd":31,"spe":31},"level":100,"moves":["wish","aromatherapy","protect","mistyterrain"],"name":"Kiki","nature":"Calm","species":"aromatisse"},{"ability":"unaware","evs":{"atk":0,"def":4,"hp":252,"spa":0,"spd":252,"spe":0},"gender":"M","happiness":160,"item":"leftovers","ivs":{"atk":0,"def":31,"hp":31,"spa":31,"spd":31,"spe":31},"level":100,"moves":["toxic","recover","soak","taunt"],"name":"Bundle of Joy","nature":"Calm","species":"pyukumuku"},{"ability":"regenerator","evs":{"atk":0,"def":252,"hp":252,"spa":0,"spd":4,"spe":0},"gender":"M","happiness":160,"item":"blacksludge","ivs":{"atk":0,"def":31,"hp":31,"spa":31,"spd":31,"spe":31},"level":100,"moves":["haze","recover","scald","toxic"],"name":"Brattle","nature":"Bold","species":"toxapex"}],"roomid":1021923,"score":[5,4],"seed":[41892,5398,34668,25062],"timestamp":"Sat Dec 28 2019 03:XX","turns":33,"winner":"145738","rated_battle":true,"average_rating":1212}