{"endType":"normal","format":"gen8ou","inputLog":[">version aa9f8c6b9cf4eca780a1296832ecd3b0009641e0",">version-origin 5e8529faaa5905c5f8e15eafaaefa806ee8c7d06",">start {\"formatid\":\"gen8ou\",\"seed\":[53576,64116,40174,40475],\"rated\":\"Rated battle\"}",">player p1 {\"\"name\":\"36285\",\"rating\":1372}",">player p2 {\"\"name\":\"22019\",\"rating\":1334}",">p1 team 5, 2, 3, 4, 1, 6",">p2 team 3, 2, 1, 4, 5, 6",">p1 move highjumpkick",">p2 move scald",">p1 move highjumpkick",">p2 move scald",">p2 switch 3",">p1 switch 4",">p2 move flareblitz",">p1 move dragondarts",">p2 move flareblitz",">p1 switch 6",">p1 move uturn",">p2 move extremespeed",">p1 switch 3",">p2 switch 2",">p1 switch 4",">p2 move coil",">p1 move uturn",">p2 move leechlife",">p1 switch 2",">p1 move taunt",">p2 move powerwhip",">p1 switch 5",">p1 move airslash",">p2 move firelash",">p1 move airslash",">p2 move firelash",">p2 switch 6",">p1 move substitute",">p2 move dragondance",">p1 move airslash",">p2 move rockslide",">p1 switch 3",">p2 move rockslide",">p1 switch 2",">p1 move highjumpkick",">p2 switch 5",">p1 switch 4",">p1 move leechseed",">p2 move strengthsap",">p1 switch 3",">p2 move strengthsap",">p1 move substitute",">p2 move mirrorcoat",">p1 move nastyplot",">p2 move scald",">p1 move nastyplot",">p2 move scald",">p1 move nastyplot",">p2 move scald",">p1 move airslash",">p2 move scald",">p2 switch 4",">p1 move airslash",">p2 move liquidation",">p1 switch 3",">p1 move spikes",">p2 move liquidation",">p1 move spikes",">p2 move liquidation",">p1 move powerwhip",">p2 switch 5",">p1 move spikes",">p2 move flamethrower"],"log":["|j|\u260636285","|j|\u260622019","|player|p1|36285|1|1372","|player|p2|22019|257|1334","|teamsize|p1|6","|teamsize|p2|6","|gametype|singles","|gen|8","|tier|[Gen 8] OU","|rated|","|rule|Sleep Clause Mod: Limit one foe put to sleep","|rule|Species Clause: Limit one of each Pok\u00e9mon","|rule|OHKO Clause: OHKO moves are banned","|rule|Evasion Moves Clause: Evasion moves are banned","|rule|Endless Battle Clause: Forcing endless battles is banned","|rule|HP Percentage Mod: HP is shown in percentages","|clearpoke","|poke|p1|Togekiss, M|","|poke|p1|Jellicent, M|","|poke|p1|Ferrothorn, M|","|poke|p1|Dragapult, F|","|poke|p1|Cinderace, M|","|poke|p1|Hydreigon, F|","|poke|p2|Arcanine, F|","|poke|p2|Centiskorch, M|","|poke|p2|Coalossal, M|","|poke|p2|Barraskewda, M|","|poke|p2|Cursola, M|","|poke|p2|Tyranitar, M|","|rule|Dynamax Clause: You cannot dynamax","|teampreview","|","|start","|switch|p1a: Cinderace|Cinderace, M|301\/301","|switch|p2a: Coalossal|Coalossal, M|424\/424","|turn|1","|","|move|p1a: Cinderace|High Jump Kick|p2a: Coalossal","|-supereffective|p2a: Coalossal","|-damage|p2a: Coalossal|192\/424","|-enditem|p2a: Coalossal|Weakness Policy","|-boost|p2a: Coalossal|atk|2","|-boost|p2a: Coalossal|spa|2","|move|p2a: Coalossal|Scald|p1a: Cinderace","|-supereffective|p1a: Cinderace","|-damage|p1a: Cinderace|19\/301","|","|upkeep","|turn|2","|","|move|p1a: Cinderace|High Jump Kick|p2a: Coalossal","|-supereffective|p2a: Coalossal","|-damage|p2a: Coalossal|0 fnt","|faint|p2a: Coalossal","|","|upkeep","|","|switch|p2a: Arcanine|Arcanine, F|353\/353","|-ability|p2a: Arcanine|Intimidate|boost","|-unboost|p1a: Cinderace|atk|1","|turn|3","|","|switch|p1a: Dragapult|Dragapult, F|317\/317","|move|p2a: Arcanine|Flare Blitz|p1a: Dragapult","|-resisted|p1a: Dragapult","|-damage|p1a: Dragapult|161\/317","|-damage|p2a: Arcanine|302\/353|[from] Recoil","|","|-heal|p2a: Arcanine|324\/353|[from] item: Leftovers","|upkeep","|turn|4","|","|move|p1a: Dragapult|Dragon Darts|p2a: Arcanine","|-damage|p2a: Arcanine|182\/353","|-damage|p2a: Arcanine|46\/353","|-hitcount|p2a: Arcanine|2","|-damage|p1a: Dragapult|130\/317|[from] item: Life Orb","|move|p2a: Arcanine|Flare Blitz|p1a: Dragapult","|-resisted|p1a: Dragapult","|-damage|p1a: Dragapult|0 fnt","|-damage|p2a: Arcanine|3\/353|[from] Recoil","|faint|p1a: Dragapult","|","|-heal|p2a: Arcanine|25\/353|[from] item: Leftovers","|upkeep","|","|switch|p1a: Hydreigon|Hydreigon, F|325\/325","|turn|5","|","|move|p2a: Arcanine|Extreme Speed|p1a: Hydreigon","|-damage|p1a: Hydreigon|229\/325","|move|p1a: Hydreigon|U-turn|p2a: Arcanine","|-resisted|p2a: Arcanine","|-damage|p2a: Arcanine|0 fnt","|faint|p2a: Arcanine","|","|switch|p1a: Ferrothorn|Ferrothorn, M|352\/352","|","|upkeep","|","|switch|p2a: Centiskorch|Centiskorch, M|404\/404","|turn|6","|","|switch|p1a: Cinderace|Cinderace, M|19\/301","|move|p2a: Centiskorch|Coil|p2a: Centiskorch","|-boost|p2a: Centiskorch|atk|1","|-boost|p2a: Centiskorch|def|1","|-boost|p2a: Centiskorch|accuracy|1","|","|upkeep","|turn|7","|","|move|p1a: Cinderace|U-turn|p2a: Centiskorch","|-resisted|p2a: Centiskorch","|-damage|p2a: Centiskorch|365\/404","|","|switch|p1a: Jellicent|Jellicent, M|404\/404","|move|p2a: Centiskorch|Leech Life|p1a: Jellicent","|-resisted|p1a: Jellicent","|-damage|p1a: Jellicent|301\/404","|-heal|p2a: Centiskorch|404\/404|[from] drain|[of] p1a: Jellicent","|","|-heal|p1a: Jellicent|326\/404|[from] item: Leftovers","|upkeep","|turn|8","|","|move|p2a: Centiskorch|Power Whip|p1a: Jellicent","|-supereffective|p1a: Jellicent","|-damage|p1a: Jellicent|0 fnt","|faint|p1a: Jellicent","|","|upkeep","|","|switch|p1a: Togekiss|Togekiss, M|311\/311","|turn|9","|","|move|p1a: Togekiss|Air Slash|p2a: Centiskorch","|-supereffective|p2a: Centiskorch","|-damage|p2a: Centiskorch|150\/404","|cant|p2a: Centiskorch|flinch","|","|-heal|p2a: Centiskorch|175\/404|[from] item: Leftovers","|upkeep","|turn|10","|","|move|p1a: Togekiss|Air Slash|p2a: Centiskorch","|-supereffective|p2a: Centiskorch","|-damage|p2a: Centiskorch|0 fnt","|faint|p2a: Centiskorch","|","|upkeep","|","|switch|p2a: Tyranitar|Tyranitar, M|367\/367","|-weather|Sandstorm|[from] ability: Sand Stream|[of] p2a: Tyranitar","|turn|11","|","|move|p1a: Togekiss|Substitute|p1a: Togekiss","|-start|p1a: Togekiss|Substitute","|-damage|p1a: Togekiss|234\/311","|move|p2a: Tyranitar|Dragon Dance|p2a: Tyranitar","|-boost|p2a: Tyranitar|atk|1","|-boost|p2a: Tyranitar|spe|1","|","|-weather|Sandstorm|[upkeep]","|-damage|p1a: Togekiss|215\/311|[from] Sandstorm","|-heal|p1a: Togekiss|234\/311|[from] item: Leftovers","|upkeep","|turn|12","|","|move|p2a: Tyranitar|Rock Slide|p1a: Togekiss","|-supereffective|p1a: Togekiss","|-end|p1a: Togekiss|Substitute","|move|p1a: Togekiss|Air Slash|p2a: Tyranitar","|-resisted|p2a: Tyranitar","|-damage|p2a: Tyranitar|322\/367","|","|-weather|Sandstorm|[upkeep]","|-damage|p1a: Togekiss|215\/311|[from] Sandstorm","|-heal|p1a: Togekiss|234\/311|[from] item: Leftovers","|upkeep","|turn|13","|","|switch|p1a: Hydreigon|Hydreigon, F|229\/325","|move|p2a: Tyranitar|Rock Slide|p1a: Hydreigon","|-damage|p1a: Hydreigon|16\/325","|","|-weather|Sandstorm|[upkeep]","|-damage|p1a: Hydreigon|0 fnt|[from] Sandstorm","|faint|p1a: Hydreigon","|upkeep","|","|switch|p1a: Cinderace|Cinderace, M|19\/301","|turn|14","|","|switch|p2a: Cursola|Cursola, M|278\/278","|move|p1a: Cinderace|High Jump Kick|p2a: Cursola","|-immune|p2a: Cursola","|-damage|p1a: Cinderace|0 fnt|[from] highjumpkick","|faint|p1a: Cinderace","|","|-weather|Sandstorm|[upkeep]","|-damage|p2a: Cursola|261\/278|[from] Sandstorm","|upkeep","|","|switch|p1a: Ferrothorn|Ferrothorn, M|352\/352","|turn|15","|","|move|p2a: Cursola|Strength Sap|p1a: Ferrothorn","|-unboost|p1a: Ferrothorn|atk|1","|-heal|p2a: Cursola|278\/278","|move|p1a: Ferrothorn|Leech Seed|p2a: Cursola","|-start|p2a: Cursola|move: Leech Seed","|","|-weather|none","|-damage|p2a: Cursola|244\/278|[from] Leech Seed|[of] p1a: Ferrothorn","|upkeep","|turn|16","|","|switch|p1a: Togekiss|Togekiss, M|234\/311","|move|p2a: Cursola|Strength Sap|p1a: Togekiss","|-unboost|p1a: Togekiss|atk|1","|-heal|p2a: Cursola|278\/278","|","|-heal|p1a: Togekiss|253\/311|[from] item: Leftovers","|-damage|p2a: Cursola|244\/278|[from] Leech Seed|[of] p1a: Togekiss","|-heal|p1a: Togekiss|287\/311|[silent]","|upkeep","|turn|17","|","|move|p1a: Togekiss|Substitute|p1a: Togekiss","|-start|p1a: Togekiss|Substitute","|-damage|p1a: Togekiss|210\/311","|move|p2a: Cursola|Mirror Coat||[still]","|-fail|p2a: Cursola","|","|-heal|p1a: Togekiss|229\/311|[from] item: Leftovers","|-damage|p2a: Cursola|210\/278|[from] Leech Seed|[of] p1a: Togekiss","|-heal|p1a: Togekiss|263\/311|[silent]","|upkeep","|turn|18","|","|move|p1a: Togekiss|Nasty Plot|p1a: Togekiss","|-boost|p1a: Togekiss|spa|2","|move|p2a: Cursola|Scald|p1a: Togekiss","|-end|p1a: Togekiss|Substitute","|","|-heal|p1a: Togekiss|282\/311|[from] item: Leftovers","|-damage|p2a: Cursola|176\/278|[from] Leech Seed|[of] p1a: Togekiss","|-heal|p1a: Togekiss|311\/311|[silent]","|upkeep","|turn|19","|","|move|p1a: Togekiss|Nasty Plot|p1a: Togekiss","|-boost|p1a: Togekiss|spa|2","|move|p2a: Cursola|Scald|p1a: Togekiss","|-damage|p1a: Togekiss|211\/311","|","|-heal|p1a: Togekiss|230\/311|[from] item: Leftovers","|-damage|p2a: Cursola|142\/278|[from] Leech Seed|[of] p1a: Togekiss","|-heal|p1a: Togekiss|264\/311|[silent]","|upkeep","|turn|20","|","|move|p1a: Togekiss|Nasty Plot|p1a: Togekiss","|-boost|p1a: Togekiss|spa|2","|move|p2a: Cursola|Scald|p1a: Togekiss","|-damage|p1a: Togekiss|167\/311","|","|-heal|p1a: Togekiss|186\/311|[from] item: Leftovers","|-damage|p2a: Cursola|108\/278|[from] Leech Seed|[of] p1a: Togekiss","|-heal|p1a: Togekiss|220\/311|[silent]","|upkeep","|turn|21","|","|move|p1a: Togekiss|Air Slash|p2a: Cursola","|-damage|p2a: Cursola|0 fnt","|faint|p2a: Cursola","|","|-heal|p1a: Togekiss|239\/311|[from] item: Leftovers","|upkeep","|","|switch|p2a: Barraskewda|Barraskewda, M|263\/263","|turn|22","|","|move|p2a: Barraskewda|Liquidation|p1a: Togekiss","|-damage|p1a: Togekiss|0 fnt","|faint|p1a: Togekiss","|","|upkeep","|","|switch|p1a: Ferrothorn|Ferrothorn, M|352\/352","|turn|23","|","|move|p2a: Barraskewda|Liquidation|p1a: Ferrothorn","|-resisted|p1a: Ferrothorn","|-damage|p1a: Ferrothorn|283\/352","|-damage|p2a: Barraskewda|231\/263|[from] ability: Iron Barbs|[of] p1a: Ferrothorn","|move|p1a: Ferrothorn|Spikes|p2a: Barraskewda","|-sidestart22019|Spikes","|","|-heal|p1a: Ferrothorn|305\/352|[from] item: Leftovers","|upkeep","|turn|24","|","|move|p2a: Barraskewda|Liquidation|p1a: Ferrothorn","|-resisted|p1a: Ferrothorn","|-damage|p1a: Ferrothorn|231\/352","|-damage|p2a: Barraskewda|199\/263|[from] ability: Iron Barbs|[of] p1a: Ferrothorn","|-unboost|p1a: Ferrothorn|def|1","|move|p1a: Ferrothorn|Spikes|p2a: Barraskewda","|-sidestart22019|Spikes","|","|-heal|p1a: Ferrothorn|253\/352|[from] item: Leftovers","|upkeep","|turn|25","|","|switch|p2a: Tyranitar|Tyranitar, M|322\/367","|-damage|p2a: Tyranitar|261\/367|[from] Spikes","|-weather|Sandstorm|[from] ability: Sand Stream|[of] p2a: Tyranitar","|move|p1a: Ferrothorn|Power Whip|p2a: Tyranitar","|-supereffective|p2a: Tyranitar","|-damage|p2a: Tyranitar|33\/367","|-enditem|p2a: Tyranitar|Weakness Policy","|-boost|p2a: Tyranitar|atk|2","|-boost|p2a: Tyranitar|spa|2","|","|-weather|Sandstorm|[upkeep]","|-heal|p1a: Ferrothorn|275\/352|[from] item: Leftovers","|upkeep","|turn|26","|","|move|p2a: Tyranitar|Flamethrower|p1a: Ferrothorn","|-supereffective|p1a: Ferrothorn","|-damage|p1a: Ferrothorn|0 fnt","|faint|p1a: Ferrothorn","|","|win|22019","|l|\u260636285","|raw|36285's rating: 1372 &rarr; <strong>1350<\/strong><br \/>(-22 for losing)","|raw|22019's rating: 1334 &rarr; <strong>1356<\/strong><br \/>(+22 for winning)",""],"p1":"36285","p1rating":1372,"p1team":[{"ability":"serenegrace","evs":{"atk":0,"def":0,"hp":0,"spa":252,"spd":0,"spe":252},"happiness":160,"item":"leftovers","ivs":{"atk":0,"def":31,"hp":31,"spa":31,"spd":31,"spe":31},"level":100,"moves":["airslash","flamethrower","substitute","nastyplot"],"name":"Togekiss","nature":"Timid","species":"Togekiss"},{"ability":"waterabsorb","evs":{"atk":0,"def":252,"hp":252,"spa":0,"spd":0,"spe":4},"gender":"M","happiness":160,"item":"leftovers","ivs":{"atk":0,"def":31,"hp":31,"spa":31,"spd":31,"spe":31},"level":100,"moves":["scald","willowisp","taunt","recover"],"name":"Jellicent","nature":"Bold","species":"Jellicent"},{"ability":"ironbarbs","evs":{"atk":0,"def":200,"hp":252,"spa":0,"spd":56,"spe":0},"happiness":160,"item":"leftovers","ivs":{"atk":31,"def":31,"hp":31,"spa":31,"spd":31,"spe":31},"level":100,"moves":["powerwhip","protect","spikes","leechseed"],"name":"Ferrothorn","nature":"Impish","species":"Ferrothorn"},{"ability":"infiltrator","evs":{"atk":252,"def":0,"hp":0,"spa":0,"spd":0,"spe":252},"happiness":160,"item":"lifeorb","ivs":{"atk":31,"def":31,"hp":31,"spa":31,"spd":31,"spe":31},"level":100,"moves":["dragondarts","phantomforce","suckerpunch","fireblast"],"name":"Dragapult","nature":"Hasty","species":"Dragapult"},{"ability":"blaze","evs":{"atk":252,"def":0,"hp":0,"spa":0,"spd":4,"spe":252},"happiness":160,"item":"heavydutyboots","ivs":{"atk":31,"def":31,"hp":31,"spa":31,"spd":31,"spe":31},"level":100,"moves":["pyroball","highjumpkick","uturn","courtchange"],"name":"Cinderace","nature":"Jolly","species":"Cinderace"},{"ability":"levitate","evs":{"atk":0,"def":0,"hp":0,"spa":252,"spd":0,"spe":252},"happiness":160,"item":"choicescarf","ivs":{"atk":31,"def":31,"hp":31,"spa":31,"spd":31,"spe":31},"level":100,"moves":["darkpulse","dracometeor","uturn","flashcannon"],"name":"Hydreigon","nature":"Timid","species":"Hydreigon"}],"p2":"22019","p2rating":1334,"p2team":[{"ability":"intimidate","evs":{"atk":252,"def":0,"hp":128,"spa":0,"spd":32,"spe":96},"happiness":160,"item":"leftovers","ivs":{"atk":31,"def":31,"hp":31,"spa":31,"spd":31,"spe":31},"level":100,"moves":["flareblitz","wildcharge","morningsun","extremespeed"],"name":"Arcanine","nature":"Adamant","species":"Arcanine"},{"ability":"flashfire","evs":{"atk":252,"def":4,"hp":252,"spa":0,"spd":0,"spe":0},"happiness":160,"item":"leftovers","ivs":{"atk":31,"def":31,"hp":31,"spa":31,"spd":31,"spe":31},"level":100,"moves":["firelash","leechlife","powerwhip","coil"],"name":"Centiskorch","nature":"Adamant","species":"Centiskorch"},{"ability":"steamengine","evs":{"atk":0,"def":0,"hp":252,"spa":20,"spd":236,"spe":0},"happiness":160,"item":"weaknesspolicy","ivs":{"atk":31,"def":31,"hp":31,"spa":31,"spd":31,"spe":31},"level":100,"moves":["scald","flamethrower","rockslide","explosion"],"name":"Coalossal","nature":"Sassy","species":"Coalossal"},{"ability":"swiftswim","evs":{"atk":252,"def":0,"hp":0,"spa":0,"spd":4,"spe":252},"happiness":160,"item":"choiceband","ivs":{"atk":31,"def":31,"hp":31,"spa":31,"spd":31,"spe":31},"level":100,"moves":["aquajet","liquidation","drillrun","psychicfangs"],"name":"Barraskewda","nature":"Adamant","species":"Barraskewda"},{"ability":"weakarmor","evs":{"atk":0,"def":0,"hp":68,"spa":252,"spd":152,"spe":36},"happiness":160,"item":"aguavberry","ivs":{"atk":0,"def":31,"hp":31,"spa":31,"spd":31,"spe":31},"level":100,"moves":["gigadrain","strengthsap","scald","mirrorcoat"],"name":"Cursola","nature":"Modest","species":"Cursola"},{"ability":"sandstream","evs":{"atk":124,"def":0,"hp":104,"spa":28,"spd":0,"spe":252},"happiness":160,"item":"weaknesspolicy","ivs":{"atk":31,"def":31,"hp":31,"spa":31,"spd":31,"spe":31},"level":100,"moves":["rockslide","dragondance","earthquake","flamethrower"],"name":"Tyranitar","nature":"Naive","species":"Tyranitar"}],"roomid":1022945,"score":[0,2],"seed":[53576,64116,40174,40475],"timestamp":"Sat Dec 28 2019 14:XX","turns":26,"winner":"22019","rated_battle":true,"average_rating":1353}