{"endType":"normal","format":"gen8ou","inputLog":[">version aa9f8c6b9cf4eca780a1296832ecd3b0009641e0",">version-origin 5e8529faaa5905c5f8e15eafaaefa806ee8c7d06",">start {\"formatid\":\"gen8ou\",\"seed\":[53621,29608,51855,28040],\"rated\":\"Rated battle\"}",">player p1 {\"\"name\":\"145327\",\"rating\":1247}",">player p2 {\"\"name\":\"86088\",\"rating\":1239}",">p1 team 5, 2, 3, 4, 1, 6",">p2 team 6, 2, 3, 4, 5, 1",">p1 move machpunch",">p2 move uturn",">p2 switch 2",">p1 switch 2",">p2 move dragondance",">p1 move toxic",">p2 move powerwhip",">p1 move recover",">p2 move dragondance",">p1 move scald",">p2 move powerwhip",">p1 move banefulbunker",">p2 move powerwhip",">p1 move recover",">p2 move powerwhip",">p1 move banefulbunker",">p2 move powerwhip",">p2 switch 4",">p1 move scald",">p2 move voltswitch",">p2 switch 6",">p1 move banefulbunker",">p2 move earthquake",">p1 switch 2",">p2 move earthquake",">p1 move machpunch",">p2 move stealthrock",">p2 switch 3",">p1 switch 2",">p2 move reflect",">p1 move toxic",">p2 move taunt",">p1 move scald",">p2 switch 6",">p1 switch 6",">p2 move voltswitch",">p2 switch 6",">p1 move substitute",">p2 move lightscreen",">p1 move flashcannon",">p2 move spiritbreak",">p1 switch 6",">p2 move spiritbreak",">p1 move scald",">p2 move taunt",">p1 move scald",">p2 switch 6",">p1 switch 6",">p2 move voltswitch",">p2 switch 6",">p1 move substitute",">p2 move taunt",">p1 move flashcannon",">p2 move spiritbreak",">p1 move flashcannon",">p2 switch 6",">p1 move substitute",">p2 move hydropump",">p1 move nastyplot",">p2 move hydropump",">p1 move substitute",">p2 move hydropump",">p1 move darkpulse",">p2 move hydropump",">p1 move darkpulse",">p2 move hydropump",">p2 switch 2",">p1 move darkpulse",">p2 move uturn",">p2 switch 6",">p1 move substitute",">p2 move spiritbreak",">p1 move flashcannon",">p2 move spiritbreak",">p2 switch 6",">p1 switch 6",">p2 move uturn",">p2 switch 5",">p1 move toxic",">p2 move shellsmash",">p1 switch 3",">p2 move storedpower",">p1 move suckerpunch",">p2 move shadowball",">p2 switch 5",">p1 move suckerpunch",">p2 move iciclecrash"],"log":["|j|\u2606145327","|j|\u260686088","|player|p1|145327|1|1247","|player|p2|86088|dancer|1239","|teamsize|p1|6","|teamsize|p2|6","|gametype|singles","|gen|8","|tier|[Gen 8] OU","|rated|","|rule|Sleep Clause Mod: Limit one foe put to sleep","|rule|Species Clause: Limit one of each Pok\u00e9mon","|rule|OHKO Clause: OHKO moves are banned","|rule|Evasion Moves Clause: Evasion moves are banned","|rule|Endless Battle Clause: Forcing endless battles is banned","|rule|HP Percentage Mod: HP is shown in percentages","|clearpoke","|poke|p1|Darmanitan-Galar, F|","|poke|p1|Toxapex, M|","|poke|p1|Grimmsnarl, M|","|poke|p1|Toxtricity-Low-Key, F|","|poke|p1|Conkeldurr, F|","|poke|p1|Hydreigon, M|","|poke|p2|Excadrill, M|","|poke|p2|Gyarados, M|","|poke|p2|Grimmsnarl, M|","|poke|p2|Rotom-Wash|","|poke|p2|Polteageist|","|poke|p2|Darmanitan-Galar, F|","|rule|Dynamax Clause: You cannot dynamax","|teampreview","|","|start","|switch|p1a: Conkeldurr|Conkeldurr, F|412\/412","|switch|p2a: Darmanitan|Darmanitan-Galar, F|351\/351","|turn|1","|","|move|p1a: Conkeldurr|Mach Punch|p2a: Darmanitan","|-supereffective|p2a: Darmanitan","|-damage|p2a: Darmanitan|69\/351","|move|p2a: Darmanitan|U-turn|p1a: Conkeldurr","|-resisted|p1a: Conkeldurr","|-damage|p1a: Conkeldurr|341\/412","|","|switch|p2a: Gyarados|Gyarados, M|331\/331","|","|-status|p1a: Conkeldurr|brn|[from] item: Flame Orb","|upkeep","|turn|2","|","|switch|p1a: Toxapex|Toxapex, M|304\/304","|move|p2a: Gyarados|Dragon Dance|p2a: Gyarados","|-boost|p2a: Gyarados|atk|1","|-boost|p2a: Gyarados|spe|1","|","|upkeep","|turn|3","|","|move|p2a: Gyarados|Power Whip|p1a: Toxapex","|-damage|p1a: Toxapex|197\/304","|move|p1a: Toxapex|Toxic|p2a: Gyarados","|-status|p2a: Gyarados|tox","|","|-heal|p1a: Toxapex|216\/304|[from] item: Black Sludge","|-damage|p2a: Gyarados|311\/331 tox|[from] psn","|upkeep","|turn|4","|","|move|p2a: Gyarados|Dragon Dance|p2a: Gyarados","|-boost|p2a: Gyarados|atk|1","|-boost|p2a: Gyarados|spe|1","|move|p1a: Toxapex|Recover|p1a: Toxapex","|-heal|p1a: Toxapex|304\/304","|","|-damage|p2a: Gyarados|271\/331 tox|[from] psn","|upkeep","|turn|5","|","|move|p2a: Gyarados|Power Whip|p1a: Toxapex","|-damage|p1a: Toxapex|149\/304","|move|p1a: Toxapex|Scald|p2a: Gyarados","|-resisted|p2a: Gyarados","|-damage|p2a: Gyarados|244\/331 tox","|","|-heal|p1a: Toxapex|168\/304|[from] item: Black Sludge","|-damage|p2a: Gyarados|184\/331 tox|[from] psn","|upkeep","|turn|6","|","|move|p1a: Toxapex|Baneful Bunker|p1a: Toxapex","|-singleturn|p1a: Toxapex|move: Protect","|move|p2a: Gyarados|Power Whip|p1a: Toxapex","|-activate|p1a: Toxapex|move: Protect","|","|-heal|p1a: Toxapex|187\/304|[from] item: Black Sludge","|-damage|p2a: Gyarados|104\/331 tox|[from] psn","|upkeep","|turn|7","|","|move|p2a: Gyarados|Power Whip|p1a: Toxapex","|-damage|p1a: Toxapex|27\/304","|move|p1a: Toxapex|Recover|p1a: Toxapex","|-heal|p1a: Toxapex|179\/304","|","|-heal|p1a: Toxapex|198\/304|[from] item: Black Sludge","|-damage|p2a: Gyarados|4\/331 tox|[from] psn","|upkeep","|turn|8","|","|move|p1a: Toxapex|Baneful Bunker|p1a: Toxapex","|-singleturn|p1a: Toxapex|move: Protect","|move|p2a: Gyarados|Power Whip|p1a: Toxapex","|-activate|p1a: Toxapex|move: Protect","|","|-heal|p1a: Toxapex|217\/304|[from] item: Black Sludge","|-damage|p2a: Gyarados|0 fnt|[from] psn","|faint|p2a: Gyarados","|upkeep","|","|switch|p2a: Rotom|Rotom-Wash|303\/303","|turn|9","|","|move|p2a: Rotom|Volt Switch|p1a: Toxapex","|-supereffective|p1a: Toxapex","|-damage|p1a: Toxapex|95\/304","|","|switch|p2a: Excadrill|Excadrill, M|361\/361","|-ability|p2a: Excadrill|Mold Breaker","|move|p1a: Toxapex|Scald|p2a: Excadrill","|-supereffective|p2a: Excadrill","|-damage|p2a: Excadrill|203\/361","|-status|p2a: Excadrill|brn","|","|-heal|p1a: Toxapex|114\/304|[from] item: Black Sludge","|-damage|p2a: Excadrill|181\/361 brn|[from] brn","|upkeep","|turn|10","|","|move|p1a: Toxapex|Baneful Bunker|p1a: Toxapex","|-singleturn|p1a: Toxapex|move: Protect","|move|p2a: Excadrill|Earthquake|p1a: Toxapex","|-activate|p1a: Toxapex|move: Protect","|","|-heal|p1a: Toxapex|133\/304|[from] item: Black Sludge","|-damage|p2a: Excadrill|159\/361 brn|[from] brn","|upkeep","|turn|11","|","|switch|p1a: Conkeldurr|Conkeldurr, F|341\/412 brn","|move|p2a: Excadrill|Earthquake|p1a: Conkeldurr","|-damage|p1a: Conkeldurr|242\/412 brn","|","|-damage|p2a: Excadrill|137\/361 brn|[from] brn","|-damage|p1a: Conkeldurr|217\/412 brn|[from] brn","|upkeep","|turn|12","|","|move|p1a: Conkeldurr|Mach Punch|p2a: Excadrill","|-supereffective|p2a: Excadrill","|-damage|p2a: Excadrill|0 fnt","|faint|p2a: Excadrill","|","|-damage|p1a: Conkeldurr|192\/412 brn|[from] brn","|upkeep","|","|switch|p2a: Grimmsnarl|Grimmsnarl, M|394\/394","|turn|13","|","|switch|p1a: Toxapex|Toxapex, M|234\/304","|move|p2a: Grimmsnarl|Reflect|p2a: Grimmsnarl","|-sidestart86088|Reflect","|","|-heal|p1a: Toxapex|253\/304|[from] item: Black Sludge","|upkeep","|turn|14","|","|move|p2a: Grimmsnarl|Taunt|p1a: Toxapex","|-start|p1a: Toxapex|move: Taunt","|cant|p1a: Toxapex|move: Taunt|Toxic","|","|-heal|p1a: Toxapex|272\/304|[from] item: Black Sludge","|upkeep","|turn|15","|","|switch|p2a: Rotom|Rotom-Wash|303\/303","|move|p1a: Toxapex|Scald|p2a: Rotom","|-resisted|p2a: Rotom","|-damage|p2a: Rotom|276\/303","|","|-heal|p2a: Rotom|294\/303|[from] item: Leftovers","|-heal|p1a: Toxapex|291\/304|[from] item: Black Sludge","|upkeep","|turn|16","|","|switch|p1a: Hydreigon|Hydreigon, M|325\/325","|move|p2a: Rotom|Volt Switch|p1a: Hydreigon","|-resisted|p1a: Hydreigon","|-damage|p1a: Hydreigon|280\/325","|","|switch|p2a: Grimmsnarl|Grimmsnarl, M|394\/394","|","|-heal|p1a: Hydreigon|300\/325|[from] item: Leftovers","|upkeep","|turn|17","|","|move|p2a: Grimmsnarl|Light Screen|p2a: Grimmsnarl","|-sidestart86088|move: Light Screen","|move|p1a: Hydreigon|Substitute|p1a: Hydreigon","|-start|p1a: Hydreigon|Substitute","|-damage|p1a: Hydreigon|219\/325","|","|-heal|p1a: Hydreigon|239\/325|[from] item: Leftovers","|upkeep","|turn|18","|","|move|p1a: Hydreigon|Flash Cannon|p2a: Grimmsnarl","|-supereffective|p2a: Grimmsnarl","|-damage|p2a: Grimmsnarl|274\/394","|move|p2a: Grimmsnarl|Spirit Break|p1a: Hydreigon","|-supereffective|p1a: Hydreigon","|-end|p1a: Hydreigon|Substitute","|","|-heal|p1a: Hydreigon|259\/325|[from] item: Leftovers","|upkeep","|turn|19","|","|switch|p1a: Toxapex|Toxapex, M|304\/304","|move|p2a: Grimmsnarl|Spirit Break|p1a: Toxapex","|-resisted|p1a: Toxapex","|-damage|p1a: Toxapex|274\/304","|-unboost|p1a: Toxapex|spa|1","|","|-heal|p1a: Toxapex|293\/304|[from] item: Black Sludge","|upkeep","|turn|20","|","|move|p2a: Grimmsnarl|Taunt|p1a: Toxapex","|-start|p1a: Toxapex|move: Taunt","|move|p1a: Toxapex|Scald|p2a: Grimmsnarl","|-damage|p2a: Grimmsnarl|251\/394","|","|-heal|p1a: Toxapex|304\/304|[from] item: Black Sludge","|-sideend86088|Reflect","|upkeep","|turn|21","|","|switch|p2a: Rotom|Rotom-Wash|294\/303","|move|p1a: Toxapex|Scald|p2a: Rotom","|-resisted|p2a: Rotom","|-damage|p2a: Rotom|285\/303","|","|-heal|p2a: Rotom|303\/303|[from] item: Leftovers","|upkeep","|turn|22","|","|switch|p1a: Hydreigon|Hydreigon, M|259\/325","|move|p2a: Rotom|Volt Switch|p1a: Hydreigon","|-resisted|p1a: Hydreigon","|-damage|p1a: Hydreigon|208\/325","|","|switch|p2a: Grimmsnarl|Grimmsnarl, M|251\/394","|","|-heal|p1a: Hydreigon|228\/325|[from] item: Leftovers","|upkeep","|turn|23","|","|move|p2a: Grimmsnarl|Taunt|p1a: Hydreigon","|-hint|Since gen 7, Dark is immune to Prankster moves.","|-immune|p1a: Hydreigon","|move|p1a: Hydreigon|Substitute|p1a: Hydreigon","|-start|p1a: Hydreigon|Substitute","|-damage|p1a: Hydreigon|147\/325","|","|-heal|p1a: Hydreigon|167\/325|[from] item: Leftovers","|upkeep","|turn|24","|","|move|p1a: Hydreigon|Flash Cannon|p2a: Grimmsnarl","|-supereffective|p2a: Grimmsnarl","|-damage|p2a: Grimmsnarl|135\/394","|move|p2a: Grimmsnarl|Spirit Break|p1a: Hydreigon","|-supereffective|p1a: Hydreigon","|-end|p1a: Hydreigon|Substitute","|","|-heal|p1a: Hydreigon|187\/325|[from] item: Leftovers","|-sideend86088|move: Light Screen","|upkeep","|turn|25","|","|switch|p2a: Rotom|Rotom-Wash|303\/303","|move|p1a: Hydreigon|Flash Cannon|p2a: Rotom","|-resisted|p2a: Rotom","|-damage|p2a: Rotom|282\/303","|","|-heal|p1a: Hydreigon|207\/325|[from] item: Leftovers","|-heal|p2a: Rotom|300\/303|[from] item: Leftovers","|upkeep","|turn|26","|","|move|p1a: Hydreigon|Substitute|p1a: Hydreigon","|-start|p1a: Hydreigon|Substitute","|-damage|p1a: Hydreigon|126\/325","|move|p2a: Rotom|Hydro Pump|p1a: Hydreigon","|-resisted|p1a: Hydreigon","|-activate|p1a: Hydreigon|move: Substitute|[damage]","|","|-heal|p1a: Hydreigon|146\/325|[from] item: Leftovers","|-heal|p2a: Rotom|303\/303|[from] item: Leftovers","|upkeep","|turn|27","|","|move|p1a: Hydreigon|Nasty Plot|p1a: Hydreigon","|-boost|p1a: Hydreigon|spa|2","|move|p2a: Rotom|Hydro Pump|p1a: Hydreigon","|-resisted|p1a: Hydreigon","|-end|p1a: Hydreigon|Substitute","|","|-heal|p1a: Hydreigon|166\/325|[from] item: Leftovers","|upkeep","|turn|28","|","|move|p1a: Hydreigon|Substitute|p1a: Hydreigon","|-start|p1a: Hydreigon|Substitute","|-damage|p1a: Hydreigon|85\/325","|move|p2a: Rotom|Hydro Pump|p1a: Hydreigon|[miss]","|-miss|p2a: Rotom|p1a: Hydreigon","|","|-heal|p1a: Hydreigon|105\/325|[from] item: Leftovers","|upkeep","|turn|29","|","|move|p1a: Hydreigon|Dark Pulse|p2a: Rotom","|-damage|p2a: Rotom|48\/303","|move|p2a: Rotom|Hydro Pump|p1a: Hydreigon","|-resisted|p1a: Hydreigon","|-activate|p1a: Hydreigon|move: Substitute|[damage]","|","|-heal|p1a: Hydreigon|125\/325|[from] item: Leftovers","|-heal|p2a: Rotom|66\/303|[from] item: Leftovers","|upkeep","|turn|30","|","|move|p1a: Hydreigon|Dark Pulse|p2a: Rotom","|-damage|p2a: Rotom|0 fnt","|faint|p2a: Rotom","|","|-heal|p1a: Hydreigon|145\/325|[from] item: Leftovers","|upkeep","|","|switch|p2a: Darmanitan|Darmanitan-Galar, F|69\/351","|turn|31","|","|move|p2a: Darmanitan|U-turn|p1a: Hydreigon","|-supereffective|p1a: Hydreigon","|-end|p1a: Hydreigon|Substitute","|","|switch|p2a: Grimmsnarl|Grimmsnarl, M|135\/394","|move|p1a: Hydreigon|Dark Pulse|p2a: Grimmsnarl","|-resisted|p2a: Grimmsnarl","|-damage|p2a: Grimmsnarl|44\/394","|","|-heal|p1a: Hydreigon|165\/325|[from] item: Leftovers","|upkeep","|turn|32","|","|move|p1a: Hydreigon|Substitute|p1a: Hydreigon","|-start|p1a: Hydreigon|Substitute","|-damage|p1a: Hydreigon|84\/325","|move|p2a: Grimmsnarl|Spirit Break|p1a: Hydreigon","|-supereffective|p1a: Hydreigon","|-end|p1a: Hydreigon|Substitute","|","|-heal|p1a: Hydreigon|104\/325|[from] item: Leftovers","|upkeep","|turn|33","|","|move|p1a: Hydreigon|Flash Cannon|p2a: Grimmsnarl","|-supereffective|p2a: Grimmsnarl","|-damage|p2a: Grimmsnarl|0 fnt","|faint|p2a: Grimmsnarl","|","|-heal|p1a: Hydreigon|124\/325|[from] item: Leftovers","|upkeep","|","|switch|p2a: Darmanitan|Darmanitan-Galar, F|69\/351","|turn|34","|","|switch|p1a: Toxapex|Toxapex, M|304\/304","|move|p2a: Darmanitan|U-turn|p1a: Toxapex","|-resisted|p1a: Toxapex","|-damage|p1a: Toxapex|268\/304","|","|switch|p2a: Polteageist|Polteageist|261\/261","|","|-heal|p1a: Toxapex|287\/304|[from] item: Black Sludge","|upkeep","|turn|35","|","|move|p2a: Polteageist|Shell Smash|p2a: Polteageist","|-unboost|p2a: Polteageist|def|1","|-unboost|p2a: Polteageist|spd|1","|-boost|p2a: Polteageist|atk|2","|-boost|p2a: Polteageist|spa|2","|-boost|p2a: Polteageist|spe|2","|-enditem|p2a: Polteageist|White Herb","|-clearnegativeboost|p2a: Polteageist|[silent]","|move|p1a: Toxapex|Toxic|p2a: Polteageist","|-status|p2a: Polteageist|tox","|","|-heal|p1a: Toxapex|304\/304|[from] item: Black Sludge","|-damage|p2a: Polteageist|245\/261 tox|[from] psn","|upkeep","|turn|36","|","|switch|p1a: Grimmsnarl|Grimmsnarl, M|370\/370","|move|p2a: Polteageist|Stored Power|p1a: Grimmsnarl","|-immune|p1a: Grimmsnarl","|","|-damage|p2a: Polteageist|213\/261 tox|[from] psn","|upkeep","|turn|37","|","|move|p1a: Grimmsnarl|Sucker Punch|p2a: Polteageist","|-supereffective|p2a: Polteageist","|-damage|p2a: Polteageist|0 fnt","|faint|p2a: Polteageist","|","|upkeep","|","|switch|p2a: Darmanitan|Darmanitan-Galar, F|69\/351","|turn|38","|","|move|p1a: Grimmsnarl|Sucker Punch|p2a: Darmanitan","|-damage|p2a: Darmanitan|0 fnt","|faint|p2a: Darmanitan","|","|win|145327","|l|\u260686088","|raw|145327's rating: 1247 &rarr; <strong>1271<\/strong><br \/>(+24 for winning)","|raw|86088's rating: 1239 &rarr; <strong>1214<\/strong><br \/>(-25 for losing)",""],"p1":"145327","p1rating":1247,"p1team":[{"ability":"gorillatactics","evs":{"atk":252,"def":0,"hp":4,"spa":0,"spd":0,"spe":252},"happiness":160,"item":"choicescarf","ivs":{"atk":31,"def":31,"hp":31,"spa":31,"spd":31,"spe":31},"level":100,"moves":["iciclecrash","flareblitz","uturn","earthquake"],"name":"Darmanitan","nature":"Jolly","species":"darmanitangalar"},{"ability":"regenerator","evs":{"atk":0,"def":220,"hp":252,"spa":0,"spd":36,"spe":0},"happiness":160,"item":"blacksludge","ivs":{"atk":0,"def":31,"hp":31,"spa":31,"spd":31,"spe":31},"level":100,"moves":["recover","scald","toxic","banefulbunker"],"name":"Toxapex","nature":"Relaxed","species":"Toxapex"},{"ability":"prankster","evs":{"atk":252,"def":0,"hp":156,"spa":0,"spd":0,"spe":100},"gender":"M","happiness":160,"item":"dreadplate","ivs":{"atk":31,"def":31,"hp":31,"spa":31,"spd":31,"spe":31},"level":100,"moves":["suckerpunch","darkestlariat","playrough","bulkup"],"name":"Grimmsnarl","nature":"Adamant","species":"Grimmsnarl"},{"ability":"punkrock","evs":{"atk":0,"def":0,"hp":4,"spa":252,"spd":0,"spe":252},"happiness":160,"item":"choicespecs","ivs":{"atk":0,"def":31,"hp":31,"spa":31,"spd":31,"spe":31},"level":100,"moves":["boomburst","overdrive","voltswitch","sludgewave"],"name":"Toxtricity","nature":"Timid","species":"toxtricitylowkey"},{"ability":"guts","evs":{"atk":252,"def":0,"hp":244,"spa":0,"spd":0,"spe":12},"happiness":160,"item":"flameorb","ivs":{"atk":31,"def":31,"hp":31,"spa":31,"spd":31,"spe":31},"level":100,"moves":["machpunch","drainpunch","defog","earthquake"],"name":"Conkeldurr","nature":"Adamant","species":"Conkeldurr"},{"ability":"levitate","evs":{"atk":0,"def":0,"hp":0,"spa":252,"spd":4,"spe":252},"happiness":160,"item":"leftovers","ivs":{"atk":0,"def":31,"hp":31,"spa":31,"spd":31,"spe":31},"level":100,"moves":["darkpulse","flashcannon","substitute","nastyplot"],"name":"Hydreigon","nature":"Timid","species":"Hydreigon"}],"p2":"86088","p2rating":1239,"p2team":[{"ability":"moldbreaker","evs":{"atk":252,"def":0,"hp":0,"spa":0,"spd":4,"spe":252},"happiness":160,"item":"focussash","ivs":{"atk":31,"def":31,"hp":31,"spa":31,"spd":31,"spe":31},"level":100,"moves":["stealthrock","rapidspin","earthquake","rocktomb"],"name":"Excadrill","nature":"Jolly","species":"Excadrill"},{"ability":"moxie","evs":{"atk":252,"def":0,"hp":0,"spa":0,"spd":4,"spe":252},"gender":"M","happiness":160,"item":"heavydutyboots","ivs":{"atk":31,"def":31,"hp":31,"spa":31,"spd":31,"spe":31},"level":100,"moves":["waterfall","dragondance","bounce","powerwhip"],"name":"Gyarados","nature":"Jolly","species":"Gyarados"},{"ability":"prankster","evs":{"atk":0,"def":252,"hp":252,"spa":0,"spd":4,"spe":0},"gender":"M","happiness":160,"item":"lightclay","ivs":{"atk":31,"def":31,"hp":31,"spa":31,"spd":31,"spe":31},"level":100,"moves":["spiritbreak","taunt","lightscreen","reflect"],"name":"Grimmsnarl","nature":"Impish","species":"Grimmsnarl"},{"ability":"levitate","evs":{"atk":0,"def":212,"hp":248,"spa":0,"spd":0,"spe":48},"gender":"N","happiness":160,"item":"leftovers","ivs":{"atk":0,"def":31,"hp":31,"spa":31,"spd":31,"spe":31},"level":100,"moves":["voltswitch","hydropump","discharge","willowisp"],"name":"Rotom","nature":"Bold","species":"rotomwash"},{"ability":"weakarmor","evs":{"atk":0,"def":0,"hp":0,"spa":252,"spd":4,"spe":252},"gender":"N","happiness":160,"item":"whiteherb","ivs":{"atk":0,"def":31,"hp":31,"spa":31,"spd":31,"spe":31},"level":100,"moves":["shadowball","shellsmash","storedpower","strengthsap"],"name":"Polteageist","nature":"Timid","species":"Polteageist"},{"ability":"gorillatactics","evs":{"atk":252,"def":0,"hp":0,"spa":0,"spd":4,"spe":252},"happiness":160,"item":"choicescarf","ivs":{"atk":31,"def":31,"hp":31,"spa":31,"spd":31,"spe":31},"level":100,"moves":["iciclecrash","uturn","stoneedge","flareblitz"],"name":"Darmanitan","nature":"Jolly","species":"darmanitangalar"}],"roomid":1017933,"score":[6,0],"seed":[53621,29608,51855,28040],"timestamp":"Sat Dec 28 2019 03:XX","turns":38,"winner":"145327","rated_battle":true,"average_rating":1243}