{"endType":"forfeit","format":"gen8ou","inputLog":[">version aa9f8c6b9cf4eca780a1296832ecd3b0009641e0",">version-origin 5e8529faaa5905c5f8e15eafaaefa806ee8c7d06",">start {\"formatid\":\"gen8ou\",\"seed\":[34706,37005,42647,51564],\"rated\":\"Rated battle\"}",">player p1 {\"\"name\":\"15477\",\"rating\":1543}",">player p2 {\"\"name\":\"25935\",\"rating\":1578}",">p1 team 3, 2, 1, 4, 5, 6",">p2 team 2, 1, 3, 4, 5, 6",">p1 move uturn",">p2 switch 6",">p1 switch 5",">p1 move trick",">p2 switch 3",">p1 switch 6",">p2 move rockblast",">p1 move stealthrock",">p2 switch 6",">p1 move protect",">p2 move screech",">p1 move scald",">p2 move screech",">p1 move scald",">p2 move screech",">p2 switch 2",">p1 move scald",">p2 move earthquake",">p2 switch 3",">p1 switch 4",">p2 move defog",">p1 move thunderbolt",">p2 switch 6",">p1 switch 5",">p2 move crunch",">p1 switch 3",">p2 move crunch",">p1 move firstimpression",">p2 switch 5",">p1 switch 3",">p2 move toxicspikes",">p1 move defog",">p2 switch 6",">p1 move uturn",">p2 move bodypress",">p1 switch 6",">p1 move voltswitch",">p2 switch 5",">p1 switch 4",">p1 move protect",">p2 move crunch",">p1 move scald",">p2 move crunch",">p1 move protect",">p2 move crunch",">p1 switch 2",">p2 move crunch",">p1 move bodyslam",">p2 switch 5",">p1 switch 4",">p2 move bodypress",">p1 move voltswitch",">p2 switch 5",">p1 switch 3",">p1 move firstimpression",">p2 switch 6",">p1 switch 6",">p2 move scald",">p1 move roost",">p2 move scald",">p1 move uturn",">p2 switch 5",">p1 switch 5",">p1 move thunderbolt",">p2 move roost",">p1 move thunderbolt",">p2 switch 6",">p2 switch 5",">p1 move thunderbolt",">p2 move toxic",">p1 move thunderbolt",">p2 move recover",">p2 switch 6",">p1 switch 3",">p2 move roost",">p1 move voltswitch",">p2 move bodypress",">p1 switch 2",">p1 move scald",">p2 move taunt",">p1 switch 2",">p2 move roost",">p1 move voltswitch",">p2 switch 4",">p1 switch 6",">p1 move closecombat",">p2 move protect",">p1 move closecombat",">p2 move wish"],"log":["|raw|<div class=\"broadcast-red\"><strong>This battle is invite-only!<\/strong><br \/>Users must be invited with <code>\/invite<\/code> (or be staff) to join<\/div>","|j|\u260615477","|j|\u260625935","|player|p1|15477|twins-gen4|1543","|player|p2|25935|ryuki|1578","|teamsize|p1|6","|teamsize|p2|6","|gametype|singles","|gen|8","|tier|[Gen 8] OU","|rated|","|rule|Sleep Clause Mod: Limit one foe put to sleep","|rule|Species Clause: Limit one of each Pok\u00e9mon","|rule|OHKO Clause: OHKO moves are banned","|rule|Evasion Moves Clause: Evasion moves are banned","|rule|Endless Battle Clause: Forcing endless battles is banned","|rule|HP Percentage Mod: HP is shown in percentages","|clearpoke","|poke|p1|Sirfetch'd, M|","|poke|p1|Snorlax, F|","|poke|p1|Corviknight, M|","|poke|p1|Dragapult, M|","|poke|p1|Rotom-Heat|","|poke|p1|Seismitoad, M|","|poke|p2|Dugtrio, F|","|poke|p2|Diglett, M|","|poke|p2|Tyranitar, F|","|poke|p2|Vaporeon, F|","|poke|p2|Toxapex, F|","|poke|p2|Corviknight, M|","|rule|Dynamax Clause: You cannot dynamax","|teampreview","|","|start","|switch|p1a: Corviknight|Corviknight, M|399\/399","|switch|p2a: Diglett|Diglett, M|161\/161","|-ability|p1a: Corviknight|Pressure","|turn|1","|","|switch|p2a: Corviknight|Corviknight, M|393\/393","|-ability|p2a: Corviknight|Pressure","|move|p1a: Corviknight|U-turn|p2a: Corviknight","|-resisted|p2a: Corviknight","|-damage|p2a: Corviknight|382\/393","|","|switch|p1a: Rotom|Rotom-Heat|241\/241","|","|-heal|p2a: Corviknight|393\/393|[from] item: Leftovers","|upkeep","|turn|2","|","|switch|p2a: Tyranitar|Tyranitar, F|404\/404","|-weather|Sandstorm|[from] ability: Sand Stream|[of] p2a: Tyranitar","|move|p1a: Rotom|Trick|p2a: Tyranitar","|-activate|p1a: Rotom|move: Trick|[of] p2a: Tyranitar","|-item|p2a: Tyranitar|Choice Scarf|[from] move: Trick","|-item|p1a: Rotom|Assault Vest|[from] move: Trick","|","|-weather|Sandstorm|[upkeep]","|-damage|p1a: Rotom|226\/241|[from] Sandstorm","|upkeep","|turn|3","|","|switch|p1a: Seismitoad|Seismitoad, M|414\/414","|move|p2a: Tyranitar|Rock Blast|p1a: Seismitoad","|-resisted|p1a: Seismitoad","|-damage|p1a: Seismitoad|393\/414","|-resisted|p1a: Seismitoad","|-damage|p1a: Seismitoad|369\/414","|-resisted|p1a: Seismitoad","|-damage|p1a: Seismitoad|345\/414","|-hitcount|p1a: Seismitoad|3","|","|-weather|Sandstorm|[upkeep]","|-heal|p1a: Seismitoad|370\/414|[from] item: Leftovers","|upkeep","|turn|4","|","|switch|p2a: Diglett|Diglett, M|161\/161","|move|p1a: Seismitoad|Stealth Rock|p2a: Diglett","|-sidestart25935|move: Stealth Rock","|","|-weather|Sandstorm|[upkeep]","|-heal|p1a: Seismitoad|395\/414|[from] item: Leftovers","|upkeep","|turn|5","|","|move|p1a: Seismitoad|Protect|p1a: Seismitoad","|-singleturn|p1a: Seismitoad|Protect","|move|p2a: Diglett|Screech|p1a: Seismitoad","|-activate|p1a: Seismitoad|move: Protect","|","|-weather|Sandstorm|[upkeep]","|-heal|p1a: Seismitoad|414\/414|[from] item: Leftovers","|upkeep","|turn|6","|","|move|p2a: Diglett|Screech|p1a: Seismitoad|[miss]","|-miss|p2a: Diglett|p1a: Seismitoad","|move|p1a: Seismitoad|Scald|p2a: Diglett","|-supereffective|p2a: Diglett","|-enditem|p2a: Diglett|Focus Sash","|-damage|p2a: Diglett|1\/161","|","|-weather|none","|upkeep","|turn|7","|","|move|p2a: Diglett|Screech|p1a: Seismitoad","|-unboost|p1a: Seismitoad|def|2","|move|p1a: Seismitoad|Scald|p2a: Diglett","|-supereffective|p2a: Diglett","|-damage|p2a: Diglett|0 fnt","|faint|p2a: Diglett","|","|upkeep","|","|switch|p2a: Dugtrio|Dugtrio, F|211\/211","|-damage|p2a: Dugtrio|198\/211|[from] Stealth Rock","|turn|8","|","|move|p2a: Dugtrio|Earthquake|p1a: Seismitoad","|-damage|p1a: Seismitoad|119\/414","|move|p1a: Seismitoad|Scald|p2a: Dugtrio","|-supereffective|p2a: Dugtrio","|-damage|p2a: Dugtrio|0 fnt","|faint|p2a: Dugtrio","|","|-heal|p1a: Seismitoad|144\/414|[from] item: Leftovers","|upkeep","|","|switch|p2a: Corviknight|Corviknight, M|393\/393","|-damage|p2a: Corviknight|344\/393|[from] Stealth Rock","|-ability|p2a: Corviknight|Pressure","|turn|9","|","|switch|p1a: Dragapult|Dragapult, M|317\/317","|move|p2a: Corviknight|Defog|p1a: Dragapult","|-unboost|p1a: Dragapult|evasion|1","|-sideend25935|Stealth Rock|[from] move: Defog|[of] p2a: Corviknight","|","|-heal|p2a: Corviknight|368\/393|[from] item: Leftovers","|upkeep","|turn|10","|","|switch|p2a: Tyranitar|Tyranitar, F|404\/404","|-weather|Sandstorm|[from] ability: Sand Stream|[of] p2a: Tyranitar","|move|p1a: Dragapult|Thunderbolt|p2a: Tyranitar","|-damage|p2a: Tyranitar|313\/404","|","|-weather|Sandstorm|[upkeep]","|-damage|p1a: Dragapult|298\/317|[from] Sandstorm","|upkeep","|turn|11","|","|switch|p1a: Corviknight|Corviknight, M|399\/399","|-ability|p1a: Corviknight|Pressure","|move|p2a: Tyranitar|Crunch|p1a: Corviknight","|-damage|p1a: Corviknight|239\/399","|-unboost|p1a: Corviknight|def|1","|","|-weather|Sandstorm|[upkeep]","|-heal|p1a: Corviknight|263\/399|[from] item: Leftovers","|upkeep","|turn|12","|","|switch|p1a: Sirfetch'd|Sirfetch'd, M|265\/265","|move|p2a: Tyranitar|Crunch|p1a: Sirfetch'd","|-resisted|p1a: Sirfetch'd","|-damage|p1a: Sirfetch'd|181\/265","|-unboost|p1a: Sirfetch'd|def|1","|","|-weather|Sandstorm|[upkeep]","|-damage|p1a: Sirfetch'd|165\/265|[from] Sandstorm","|upkeep","|turn|13","|","|switch|p2a: Toxapex|Toxapex, F|304\/304","|move|p1a: Sirfetch'd|First Impression|p2a: Toxapex","|-resisted|p2a: Toxapex","|-damage|p2a: Toxapex|243\/304","|","|-weather|Sandstorm|[upkeep]","|-damage|p1a: Sirfetch'd|149\/265|[from] Sandstorm","|-damage|p2a: Toxapex|224\/304|[from] Sandstorm","|upkeep","|turn|14","|","|switch|p1a: Corviknight|Corviknight, M|263\/399","|-ability|p1a: Corviknight|Pressure","|move|p2a: Toxapex|Toxic Spikes|p1a: Corviknight","|-sidestart15477|move: Toxic Spikes","|","|-weather|none","|-heal|p1a: Corviknight|287\/399|[from] item: Leftovers","|upkeep","|turn|15","|","|switch|p2a: Corviknight|Corviknight, M|368\/393","|-ability|p2a: Corviknight|Pressure","|move|p1a: Corviknight|Defog|p2a: Corviknight","|-unboost|p2a: Corviknight|evasion|1","|-sideend15477|Toxic Spikes|[from] move: Defog|[of] p1a: Corviknight","|","|-heal|p2a: Corviknight|392\/393|[from] item: Leftovers","|-heal|p1a: Corviknight|311\/399|[from] item: Leftovers","|upkeep","|turn|16","|","|move|p2a: Corviknight|Body Press|p1a: Corviknight","|-damage|p1a: Corviknight|239\/399","|move|p1a: Corviknight|U-turn|p2a: Corviknight","|-resisted|p2a: Corviknight","|-damage|p2a: Corviknight|382\/393","|","|switch|p1a: Rotom|Rotom-Heat|226\/241","|","|-heal|p2a: Corviknight|393\/393|[from] item: Leftovers","|upkeep","|turn|17","|","|switch|p2a: Tyranitar|Tyranitar, F|313\/404","|-weather|Sandstorm|[from] ability: Sand Stream|[of] p2a: Tyranitar","|move|p1a: Rotom|Volt Switch|p2a: Tyranitar","|-damage|p2a: Tyranitar|240\/404","|","|switch|p1a: Seismitoad|Seismitoad, M|144\/414","|","|-weather|Sandstorm|[upkeep]","|-heal|p1a: Seismitoad|169\/414|[from] item: Leftovers","|upkeep","|turn|18","|","|move|p1a: Seismitoad|Protect|p1a: Seismitoad","|-singleturn|p1a: Seismitoad|Protect","|move|p2a: Tyranitar|Crunch|p1a: Seismitoad","|-activate|p1a: Seismitoad|move: Protect","|","|-weather|Sandstorm|[upkeep]","|-heal|p1a: Seismitoad|194\/414|[from] item: Leftovers","|upkeep","|turn|19","|","|move|p2a: Tyranitar|Crunch|p1a: Seismitoad","|-damage|p1a: Seismitoad|50\/414","|move|p1a: Seismitoad|Scald|p2a: Tyranitar","|-supereffective|p2a: Tyranitar","|-damage|p2a: Tyranitar|138\/404","|","|-weather|Sandstorm|[upkeep]","|-heal|p1a: Seismitoad|75\/414|[from] item: Leftovers","|upkeep","|turn|20","|","|move|p1a: Seismitoad|Protect|p1a: Seismitoad","|-singleturn|p1a: Seismitoad|Protect","|move|p2a: Tyranitar|Crunch|p1a: Seismitoad","|-activate|p1a: Seismitoad|move: Protect","|","|-weather|Sandstorm|[upkeep]","|-heal|p1a: Seismitoad|100\/414|[from] item: Leftovers","|upkeep","|turn|21","|","|switch|p1a: Snorlax|Snorlax, F|461\/461","|move|p2a: Tyranitar|Crunch|p1a: Snorlax","|-damage|p1a: Snorlax|311\/461","|","|-weather|none","|-heal|p1a: Snorlax|339\/461|[from] item: Leftovers","|upkeep","|turn|22","|","|switch|p2a: Corviknight|Corviknight, M|393\/393","|-ability|p2a: Corviknight|Pressure","|move|p1a: Snorlax|Body Slam|p2a: Corviknight","|-resisted|p2a: Corviknight","|-damage|p2a: Corviknight|345\/393","|","|-heal|p2a: Corviknight|369\/393|[from] item: Leftovers","|-heal|p1a: Snorlax|367\/461|[from] item: Leftovers","|upkeep","|turn|23","|","|switch|p1a: Rotom|Rotom-Heat|226\/241","|move|p2a: Corviknight|Body Press|p1a: Rotom","|-damage|p1a: Rotom|154\/241","|","|-heal|p2a: Corviknight|393\/393|[from] item: Leftovers","|upkeep","|turn|24","|","|switch|p2a: Tyranitar|Tyranitar, F|138\/404","|-weather|Sandstorm|[from] ability: Sand Stream|[of] p2a: Tyranitar","|move|p1a: Rotom|Volt Switch|p2a: Tyranitar","|-damage|p2a: Tyranitar|62\/404","|","|switch|p1a: Sirfetch'd|Sirfetch'd, M|149\/265","|","|-weather|Sandstorm|[upkeep]","|-damage|p1a: Sirfetch'd|133\/265|[from] Sandstorm","|upkeep","|turn|25","|","|switch|p2a: Toxapex|Toxapex, F|304\/304","|move|p1a: Sirfetch'd|First Impression|p2a: Toxapex","|-resisted|p2a: Toxapex","|-damage|p2a: Toxapex|241\/304","|","|-weather|Sandstorm|[upkeep]","|-damage|p1a: Sirfetch'd|117\/265|[from] Sandstorm","|-damage|p2a: Toxapex|222\/304|[from] Sandstorm","|upkeep","|turn|26","|","|switch|p1a: Corviknight|Corviknight, M|239\/399","|-ability|p1a: Corviknight|Pressure","|move|p2a: Toxapex|Scald|p1a: Corviknight","|-damage|p1a: Corviknight|191\/399","|","|-weather|Sandstorm|[upkeep]","|-damage|p2a: Toxapex|203\/304|[from] Sandstorm","|-heal|p1a: Corviknight|215\/399|[from] item: Leftovers","|upkeep","|turn|27","|","|move|p1a: Corviknight|Roost|p1a: Corviknight","|-heal|p1a: Corviknight|399\/399","|-singleturn|p1a: Corviknight|move: Roost","|move|p2a: Toxapex|Scald|p1a: Corviknight","|-damage|p1a: Corviknight|354\/399","|","|-weather|Sandstorm|[upkeep]","|-damage|p2a: Toxapex|184\/304|[from] Sandstorm","|-heal|p1a: Corviknight|378\/399|[from] item: Leftovers","|upkeep","|turn|28","|","|switch|p2a: Corviknight|Corviknight, M|393\/393","|-ability|p2a: Corviknight|Pressure","|move|p1a: Corviknight|U-turn|p2a: Corviknight","|-resisted|p2a: Corviknight","|-damage|p2a: Corviknight|383\/393","|","|switch|p1a: Dragapult|Dragapult, M|298\/317","|","|-weather|none","|-heal|p2a: Corviknight|393\/393|[from] item: Leftovers","|upkeep","|turn|29","|","|move|p1a: Dragapult|Thunderbolt|p2a: Corviknight","|-supereffective|p2a: Corviknight","|-damage|p2a: Corviknight|153\/393","|move|p2a: Corviknight|Roost|p2a: Corviknight","|-heal|p2a: Corviknight|350\/393","|-singleturn|p2a: Corviknight|move: Roost","|","|-heal|p2a: Corviknight|374\/393|[from] item: Leftovers","|upkeep","|turn|30","|","|switch|p2a: Tyranitar|Tyranitar, F|62\/404","|-weather|Sandstorm|[from] ability: Sand Stream|[of] p2a: Tyranitar","|move|p1a: Dragapult|Thunderbolt|p2a: Tyranitar","|-damage|p2a: Tyranitar|0 fnt","|faint|p2a: Tyranitar","|","|-weather|Sandstorm|[upkeep]","|-damage|p1a: Dragapult|279\/317|[from] Sandstorm","|upkeep","|","|switch|p2a: Toxapex|Toxapex, F|285\/304","|turn|31","|","|move|p1a: Dragapult|Thunderbolt|p2a: Toxapex","|-supereffective|p2a: Toxapex","|-damage|p2a: Toxapex|139\/304","|move|p2a: Toxapex|Toxic|p1a: Dragapult","|-status|p1a: Dragapult|tox","|","|-weather|Sandstorm|[upkeep]","|-damage|p1a: Dragapult|260\/317 tox|[from] Sandstorm","|-damage|p2a: Toxapex|120\/304|[from] Sandstorm","|-damage|p1a: Dragapult|241\/317 tox|[from] psn","|upkeep","|turn|32","|","|move|p1a: Dragapult|Thunderbolt|p2a: Toxapex","|-supereffective|p2a: Toxapex","|-damage|p2a: Toxapex|0 fnt","|faint|p2a: Toxapex","|","|-weather|Sandstorm|[upkeep]","|-damage|p1a: Dragapult|222\/317 tox|[from] Sandstorm","|-damage|p1a: Dragapult|184\/317 tox|[from] psn","|upkeep","|","|switch|p2a: Corviknight|Corviknight, M|374\/393","|-ability|p2a: Corviknight|Pressure","|turn|33","|","|switch|p1a: Rotom|Rotom-Heat|154\/241","|move|p2a: Corviknight|Roost|p2a: Corviknight","|-heal|p2a: Corviknight|393\/393","|-singleturn|p2a: Corviknight|move: Roost","|","|-weather|Sandstorm|[upkeep]","|-damage|p1a: Rotom|139\/241|[from] Sandstorm","|upkeep","|turn|34","|","|move|p1a: Rotom|Volt Switch|p2a: Corviknight","|-supereffective|p2a: Corviknight","|-damage|p2a: Corviknight|195\/393","|","|switch|p1a: Seismitoad|Seismitoad, M|100\/414","|move|p2a: Corviknight|Body Press|p1a: Seismitoad","|-damage|p1a: Seismitoad|39\/414","|","|-weather|none","|-heal|p2a: Corviknight|219\/393|[from] item: Leftovers","|-heal|p1a: Seismitoad|64\/414|[from] item: Leftovers","|upkeep","|turn|35","|","|move|p2a: Corviknight|Taunt|p1a: Seismitoad","|-start|p1a: Seismitoad|move: Taunt","|move|p1a: Seismitoad|Scald|p2a: Corviknight","|-damage|p2a: Corviknight|140\/393","|-status|p2a: Corviknight|brn","|","|-heal|p2a: Corviknight|164\/393 brn|[from] item: Leftovers","|-heal|p1a: Seismitoad|89\/414|[from] item: Leftovers","|-damage|p2a: Corviknight|140\/393 brn|[from] brn","|upkeep","|turn|36","|","|switch|p1a: Rotom|Rotom-Heat|139\/241","|move|p2a: Corviknight|Roost|p2a: Corviknight","|-heal|p2a: Corviknight|337\/393 brn","|-singleturn|p2a: Corviknight|move: Roost","|","|-heal|p2a: Corviknight|361\/393 brn|[from] item: Leftovers","|-damage|p2a: Corviknight|337\/393 brn|[from] brn","|upkeep","|turn|37","|","|switch|p2a: Vaporeon|Vaporeon, F|464\/464","|move|p1a: Rotom|Volt Switch|p2a: Vaporeon","|-supereffective|p2a: Vaporeon","|-damage|p2a: Vaporeon|254\/464","|","|switch|p1a: Sirfetch'd|Sirfetch'd, M|117\/265","|","|-heal|p2a: Vaporeon|283\/464|[from] item: Leftovers","|upkeep","|turn|38","|","|move|p2a: Vaporeon|Protect|p2a: Vaporeon","|-singleturn|p2a: Vaporeon|Protect","|move|p1a: Sirfetch'd|Close Combat|p2a: Vaporeon","|-activate|p2a: Vaporeon|move: Protect","|","|-heal|p2a: Vaporeon|312\/464|[from] item: Leftovers","|upkeep","|turn|39","|","|move|p1a: Sirfetch'd|Close Combat|p2a: Vaporeon","|-damage|p2a: Vaporeon|0 fnt","|-unboost|p1a: Sirfetch'd|def|1","|-unboost|p1a: Sirfetch'd|spd|1","|faint|p2a: Vaporeon","|","|upkeep","|-message|25935 forfeited.","|","|win|15477","|l|\u260625935","|l|\u260615477","|raw|15477's rating: 1543 &rarr; <strong>1565<\/strong><br \/>(+22 for winning)","|raw|25935's rating: 1578 &rarr; <strong>1556<\/strong><br \/>(-22 for losing)",""],"p1":"15477","p1rating":1543,"p1team":[{"ability":"scrappy","evs":{"atk":252,"def":4,"hp":0,"spa":0,"spd":0,"spe":252},"happiness":160,"item":"choiceband","ivs":{"atk":31,"def":31,"hp":31,"spa":31,"spd":31,"spe":31},"level":100,"moves":["knockoff","firstimpression","closecombat","poisonjab"],"name":"Sirfetch'd","nature":"Adamant","species":"Sirfetch'd"},{"ability":"thickfat","evs":{"atk":4,"def":252,"hp":0,"spa":0,"spd":252,"spe":0},"happiness":160,"item":"leftovers","ivs":{"atk":31,"def":31,"hp":31,"spa":31,"spd":31,"spe":31},"level":100,"moves":["curse","darkestlariat","bodyslam","rest"],"name":"Snorlax","nature":"Impish","species":"Snorlax"},{"ability":"pressure","evs":{"atk":8,"def":0,"hp":248,"spa":0,"spd":252,"spe":0},"happiness":160,"item":"leftovers","ivs":{"atk":31,"def":31,"hp":31,"spa":31,"spd":31,"spe":30},"level":100,"moves":["uturn","defog","ironhead","roost"],"name":"Corviknight","nature":"Careful","species":"Corviknight"},{"ability":"infiltrator","evs":{"atk":0,"def":0,"hp":0,"spa":252,"spd":4,"spe":252},"happiness":160,"item":"choicespecs","ivs":{"atk":0,"def":31,"hp":31,"spa":31,"spd":31,"spe":31},"level":100,"moves":["shadowball","dracometeor","thunderbolt","flamethrower"],"name":"Dragapult","nature":"Timid","species":"Dragapult"},{"ability":"levitate","evs":{"atk":0,"def":0,"hp":0,"spa":252,"spd":4,"spe":252},"gender":"N","happiness":160,"item":"choicescarf","ivs":{"atk":0,"def":31,"hp":31,"spa":31,"spd":31,"spe":31},"level":100,"moves":["trick","thunderwave","overheat","voltswitch"],"name":"Rotom","nature":"Timid","species":"rotomheat"},{"ability":"waterabsorb","evs":{"atk":4,"def":252,"hp":252,"spa":0,"spd":0,"spe":0},"happiness":160,"item":"leftovers","ivs":{"atk":31,"def":31,"hp":31,"spa":31,"spd":31,"spe":31},"level":100,"moves":["protect","scald","earthquake","stealthrock"],"name":"Seismitoad","nature":"Relaxed","species":"Seismitoad"}],"p2":"25935","p2rating":1578,"p2team":[{"ability":"arenatrap","evs":{"atk":252,"def":0,"hp":0,"spa":0,"spd":4,"spe":252},"happiness":160,"item":"focussash","ivs":{"atk":31,"def":31,"hp":31,"spa":31,"spd":31,"spe":31},"level":100,"moves":["earthquake","stoneedge","suckerpunch","reversal"],"name":"Dugtrio","nature":"Adamant","species":"Dugtrio"},{"ability":"arenatrap","evs":{"atk":252,"def":0,"hp":0,"spa":0,"spd":4,"spe":252},"happiness":160,"item":"focussash","ivs":{"atk":31,"def":31,"hp":31,"spa":31,"spd":31,"spe":31},"level":100,"moves":["earthquake","screech","rockslide","reversal"],"name":"Diglett","nature":"Adamant","species":"Diglett"},{"ability":"sandstream","evs":{"atk":252,"def":0,"hp":252,"spa":0,"spd":4,"spe":0},"happiness":160,"item":"assaultvest","ivs":{"atk":31,"def":31,"hp":31,"spa":31,"spd":31,"spe":31},"level":100,"moves":["avalanche","rockblast","crunch","heavyslam"],"name":"Tyranitar","nature":"Adamant","species":"Tyranitar"},{"ability":"waterabsorb","evs":{"atk":0,"def":252,"hp":252,"spa":0,"spd":4,"spe":0},"happiness":160,"item":"leftovers","ivs":{"atk":0,"def":31,"hp":31,"spa":31,"spd":31,"spe":31},"level":100,"moves":["scald","wish","protect","haze"],"name":"Vaporeon","nature":"Bold","species":"Vaporeon"},{"ability":"regenerator","evs":{"atk":0,"def":0,"hp":252,"spa":4,"spd":252,"spe":0},"happiness":160,"item":"shedshell","ivs":{"atk":0,"def":31,"hp":31,"spa":31,"spd":31,"spe":31},"level":100,"moves":["scald","toxic","toxicspikes","recover"],"name":"Toxapex","nature":"Calm","species":"Toxapex"},{"ability":"pressure","evs":{"atk":0,"def":100,"hp":224,"spa":0,"spd":160,"spe":24},"happiness":160,"item":"leftovers","ivs":{"atk":31,"def":31,"hp":31,"spa":31,"spd":31,"spe":30},"level":100,"moves":["bodypress","taunt","roost","defog"],"name":"Corviknight","nature":"Careful","species":"Corviknight"}],"roomid":102315,"score":[6,1],"seed":[34706,37005,42647,51564],"timestamp":"Mon Dec 30 2019 14:XX","turns":39,"winner":"15477","rated_battle":true,"average_rating":1560}