{"endType":"normal","format":"gen8ou","inputLog":[">version aa9f8c6b9cf4eca780a1296832ecd3b0009641e0",">version-origin 5e8529faaa5905c5f8e15eafaaefa806ee8c7d06",">start {\"formatid\":\"gen8ou\",\"seed\":[19318,64485,48487,33241],\"rated\":\"Rated battle\"}",">player p1 {\"\"name\":\"35813\",\"rating\":1235}",">player p2 {\"\"name\":\"146220\",\"rating\":1276}",">p1 team 1, 2, 3, 4, 5, 6",">p2 team 5, 2, 3, 4, 1, 6",">p1 move uturn",">p2 move uturn",">p1 switch 4",">p2 switch 2",">p1 switch 5",">p2 move fishiousrend",">p1 move icepunch",">p2 switch 5",">p1 switch 5",">p2 move stealthrock",">p1 move mysticalfire",">p2 move knockoff",">p1 move mysticalfire",">p2 switch 3",">p1 move psychic",">p2 move moonblast",">p1 switch 6",">p2 move moonlight",">p1 move trick",">p2 switch 2",">p1 switch 5",">p2 move hurricane",">p1 move icepunch",">p2 move hurricane",">p1 switch 2",">p2 move hurricane",">p1 move willowisp",">p2 switch 3",">p1 switch 6",">p2 move gyroball",">p1 switch 5",">p1 move flamethrower",">p2 move stealthrock",">p2 switch 6",">p1 switch 2",">p2 move psychicfangs",">p1 switch 3",">p1 move foulplay",">p2 switch 3",">p2 switch 3",">p1 move foulplay",">p2 move liquidation",">p2 switch 5",">p1 move roost",">p2 move fishiousrend",">p1 switch 6",">p1 move strengthsap",">p2 move fishiousrend",">p1 switch 2",">p1 move shadowball",">p2 switch 2",">p1 move shadowball",">p2 move moonlight",">p2 switch 2",">p1 move shadowball",">p2 move fishiousrend",">p1 switch 4",">p1 move earthquake",">p2 move fishiousrend",">p2 switch 4",">p1 move earthquake",">p2 move flareblitz"],"log":["|j|\u260635813","|j|\u2606146220","|player|p1|35813|red|1235","|player|p2|146220|170|1276","|teamsize|p1|6","|teamsize|p2|6","|gametype|singles","|gen|8","|tier|[Gen 8] OU","|rated|","|rule|Sleep Clause Mod: Limit one foe put to sleep","|rule|Species Clause: Limit one of each Pok\u00e9mon","|rule|OHKO Clause: OHKO moves are banned","|rule|Evasion Moves Clause: Evasion moves are banned","|rule|Endless Battle Clause: Forcing endless battles is banned","|rule|HP Percentage Mod: HP is shown in percentages","|clearpoke","|poke|p1|Darmanitan-Galar, M|","|poke|p1|Corsola-Galar, M|","|poke|p1|Mandibuzz, F|","|poke|p1|Hatterene, F|","|poke|p1|Seismitoad, M|","|poke|p1|Chandelure, F|","|poke|p2|Ferrothorn, F|","|poke|p2|Dracovish|","|poke|p2|Clefable, M|","|poke|p2|Darmanitan-Galar, M|","|poke|p2|Pelipper, F|","|poke|p2|Barraskewda, F|","|rule|Dynamax Clause: You cannot dynamax","|teampreview","|","|start","|switch|p1a: Kong|Darmanitan-Galar, M, shiny|351\/351","|switch|p2a: Pelipper|Pelipper, F|324\/324","|-weather|RainDance|[from] ability: Drizzle|[of] p2a: Pelipper","|turn|1","|","|move|p1a: Kong|U-turn|p2a: Pelipper","|-resisted|p2a: Pelipper","|-damage|p2a: Pelipper|277\/324","|","|switch|p1a: Wanda|Hatterene, F, shiny|318\/318","|move|p2a: Pelipper|U-turn|p1a: Wanda","|-damage|p1a: Wanda|290\/318","|","|switch|p2a: Dracovish|Dracovish|322\/322","|","|-weather|RainDance|[upkeep]","|-heal|p1a: Wanda|309\/318|[from] item: Leftovers","|upkeep","|turn|2","|","|switch|p1a: Kermit|Seismitoad, M, shiny|414\/414","|move|p2a: Dracovish|Fishious Rend|p1a: Kermit","|-immune|p1a: Kermit|[from] ability: Water Absorb","|","|-weather|RainDance|[upkeep]","|upkeep","|turn|3","|","|switch|p2a: Ferrothorn|Ferrothorn, F|352\/352","|move|p1a: Kermit|Ice Punch|p2a: Ferrothorn","|-damage|p2a: Ferrothorn|299\/352","|-damage|p1a: Kermit|363\/414|[from] ability: Iron Barbs|[of] p2a: Ferrothorn","|","|-weather|RainDance|[upkeep]","|-heal|p2a: Ferrothorn|321\/352|[from] item: Leftovers","|upkeep","|turn|4","|","|switch|p1a: Wanda|Hatterene, F, shiny|309\/318","|move|p2a: Ferrothorn|Stealth Rock|p1a: Wanda","|move|p1a: Wanda|Stealth Rock|p2a: Ferrothorn|[from]Magic Bounce","|-sidestart146220|move: Stealth Rock","|","|-weather|RainDance|[upkeep]","|-heal|p1a: Wanda|318\/318|[from] item: Leftovers","|-heal|p2a: Ferrothorn|343\/352|[from] item: Leftovers","|upkeep","|turn|5","|","|move|p1a: Wanda|Mystical Fire|p2a: Ferrothorn","|-supereffective|p2a: Ferrothorn","|-damage|p2a: Ferrothorn|203\/352","|-unboost|p2a: Ferrothorn|spa|1","|move|p2a: Ferrothorn|Knock Off|p1a: Wanda","|-damage|p1a: Wanda|236\/318","|-enditem|p1a: Wanda|Leftovers|[from] move: Knock Off|[of] p2a: Ferrothorn","|","|-weather|RainDance|[upkeep]","|-heal|p2a: Ferrothorn|225\/352|[from] item: Leftovers","|upkeep","|turn|6","|","|switch|p2a: Clefable|Clefable, M|394\/394","|move|p1a: Wanda|Mystical Fire|p2a: Clefable","|-damage|p2a: Clefable|343\/394","|-unboost|p2a: Clefable|spa|1","|","|-weather|RainDance|[upkeep]","|upkeep","|turn|7","|","|move|p2a: Clefable|Moonblast|p1a: Wanda","|-damage|p1a: Wanda|114\/318","|-unboost|p1a: Wanda|spa|1","|move|p1a: Wanda|Psychic|p2a: Clefable","|-damage|p2a: Clefable|199\/394","|","|-weather|RainDance|[upkeep]","|upkeep","|turn|8","|","|switch|p1a: Yagami|Chandelure, F, shiny|261\/261","|move|p2a: Clefable|Moonlight|p2a: Clefable","|-heal|p2a: Clefable|297\/394","|","|-weather|none","|upkeep","|turn|9","|","|switch|p2a: Pelipper|Pelipper, F|277\/324","|-damage|p2a: Pelipper|196\/324|[from] Stealth Rock","|-weather|RainDance|[from] ability: Drizzle|[of] p2a: Pelipper","|move|p1a: Yagami|Trick|p2a: Pelipper","|-activate|p1a: Yagami|move: Trick|[of] p2a: Pelipper","|-item|p2a: Pelipper|Choice Scarf|[from] move: Trick","|-item|p1a: Yagami|Damp Rock|[from] move: Trick","|","|-weather|RainDance|[upkeep]","|upkeep","|turn|10","|","|switch|p1a: Kermit|Seismitoad, M, shiny|363\/414","|move|p2a: Pelipper|Hurricane|p1a: Kermit","|-damage|p1a: Kermit|260\/414","|","|-weather|RainDance|[upkeep]","|upkeep","|turn|11","|","|move|p2a: Pelipper|Hurricane|p1a: Kermit","|-damage|p1a: Kermit|161\/414","|-start|p1a: Kermit|confusion","|-activate|p1a: Kermit|confusion","|move|p1a: Kermit|Ice Punch|p2a: Pelipper","|-damage|p2a: Pelipper|138\/324","|","|-weather|RainDance|[upkeep]","|upkeep","|turn|12","|","|switch|p1a: Eeyore|Corsola-Galar, M, shiny|324\/324","|move|p2a: Pelipper|Hurricane|p1a: Eeyore","|-damage|p1a: Eeyore|260\/324","|-start|p2a: Pelipper|Disable|Hurricane|[from] ability: Cursed Body|[of] p1a: Eeyore","|-start|p1a: Eeyore|confusion","|","|-weather|RainDance|[upkeep]","|upkeep","|turn|13","|","|switch|p2a: Ferrothorn|Ferrothorn, F|225\/352","|-damage|p2a: Ferrothorn|203\/352|[from] Stealth Rock","|-activate|p1a: Eeyore|confusion","|-damage|p1a: Eeyore|251\/324|[from] confusion","|","|-weather|RainDance|[upkeep]","|-heal|p2a: Ferrothorn|225\/352|[from] item: Leftovers","|upkeep","|turn|14","|","|switch|p1a: Wanda|Hatterene, F, shiny|114\/318","|move|p2a: Ferrothorn|Gyro Ball|p1a: Wanda","|-supereffective|p1a: Wanda","|-damage|p1a: Wanda|0 fnt","|faint|p1a: Wanda","|","|-weather|RainDance|[upkeep]","|-heal|p2a: Ferrothorn|247\/352|[from] item: Leftovers","|upkeep","|","|switch|p1a: Yagami|Chandelure, F, shiny|261\/261","|turn|15","|","|move|p1a: Yagami|Flamethrower|p2a: Ferrothorn","|-supereffective|p2a: Ferrothorn","|-damage|p2a: Ferrothorn|0 fnt","|faint|p2a: Ferrothorn","|","|-weather|RainDance|[upkeep]","|upkeep","|","|switch|p2a: Barraskewda|Barraskewda, F|264\/264","|-damage|p2a: Barraskewda|231\/264|[from] Stealth Rock","|turn|16","|","|switch|p1a: Kermit|Seismitoad, M, shiny|161\/414","|move|p2a: Barraskewda|Psychic Fangs|p1a: Kermit","|-damage|p1a: Kermit|0 fnt","|faint|p1a: Kermit","|","|-weather|none","|upkeep","|","|switch|p1a: Flamengo|Mandibuzz, F, shiny|423\/423","|turn|17","|","|switch|p2a: Pelipper|Pelipper, F|138\/324","|-damage|p2a: Pelipper|57\/324|[from] Stealth Rock","|-weather|RainDance|[from] ability: Drizzle|[of] p2a: Pelipper","|move|p1a: Flamengo|Foul Play|p2a: Pelipper","|-crit|p2a: Pelipper","|-damage|p2a: Pelipper|0 fnt","|faint|p2a: Pelipper","|","|-weather|RainDance|[upkeep]","|upkeep","|","|switch|p2a: Barraskewda|Barraskewda, F|231\/264","|-damage|p2a: Barraskewda|198\/264|[from] Stealth Rock","|turn|18","|","|move|p2a: Barraskewda|Liquidation|p1a: Flamengo","|-damage|p1a: Flamengo|191\/423","|-damage|p2a: Barraskewda|154\/264|[from] item: Rocky Helmet|[of] p1a: Flamengo","|move|p1a: Flamengo|Foul Play|p2a: Barraskewda","|-damage|p2a: Barraskewda|0 fnt","|faint|p2a: Barraskewda","|","|-weather|RainDance|[upkeep]","|upkeep","|","|switch|p2a: Dracovish|Dracovish|322\/322","|-damage|p2a: Dracovish|282\/322|[from] Stealth Rock","|turn|19","|","|move|p2a: Dracovish|Fishious Rend|p1a: Flamengo","|-crit|p1a: Flamengo","|-damage|p1a: Flamengo|0 fnt","|-damage|p2a: Dracovish|229\/322|[from] item: Rocky Helmet|[of] p1a: Flamengo","|faint|p1a: Flamengo","|","|-weather|RainDance|[upkeep]","|upkeep","|","|switch|p1a: Eeyore|Corsola-Galar, M, shiny|251\/324","|turn|20","|","|move|p2a: Dracovish|Fishious Rend|p1a: Eeyore","|-crit|p1a: Eeyore","|-damage|p1a: Eeyore|0 fnt","|-start|p2a: Dracovish|Disable|Fishious Rend|[from] ability: Cursed Body|[of] p1a: Eeyore","|faint|p1a: Eeyore","|","|-weather|RainDance|[upkeep]","|upkeep","|","|switch|p1a: Yagami|Chandelure, F, shiny|261\/261","|turn|21","|","|switch|p2a: Clefable|Clefable, M|297\/394","|move|p1a: Yagami|Shadow Ball|p2a: Clefable","|-damage|p2a: Clefable|135\/394","|","|-weather|none","|upkeep","|turn|22","|","|move|p1a: Yagami|Shadow Ball|p2a: Clefable","|-damage|p2a: Clefable|0 fnt","|faint|p2a: Clefable","|","|upkeep","|","|switch|p2a: Dracovish|Dracovish|229\/322","|-damage|p2a: Dracovish|189\/322|[from] Stealth Rock","|turn|23","|","|move|p2a: Dracovish|Fishious Rend|p1a: Yagami","|-supereffective|p1a: Yagami","|-damage|p1a: Yagami|0 fnt","|faint|p1a: Yagami","|","|upkeep","|","|switch|p1a: Kong|Darmanitan-Galar, M, shiny|351\/351","|turn|24","|","|move|p1a: Kong|Earthquake|p2a: Dracovish","|-damage|p2a: Dracovish|0 fnt","|faint|p2a: Dracovish","|","|upkeep","|","|switch|p2a: Darmanitan|Darmanitan-Galar, M|352\/352","|-damage|p2a: Darmanitan|264\/352|[from] Stealth Rock","|turn|25","|","|move|p2a: Darmanitan|Flare Blitz|p1a: Kong","|-supereffective|p1a: Kong","|-damage|p1a: Kong|0 fnt","|-damage|p2a: Darmanitan|148\/352|[from] Recoil","|faint|p1a: Kong","|","|win|146220","|l|\u260635813","|raw|35813's rating: 1235 &rarr; <strong>1213<\/strong><br \/>(-22 for losing)","|raw|146220's rating: 1276 &rarr; <strong>1299<\/strong><br \/>(+23 for winning)",""],"p1":"35813","p1rating":1235,"p1team":[{"ability":"gorillatactics","evs":{"atk":252,"def":0,"hp":0,"spa":0,"spd":4,"spe":252},"gender":"M","happiness":160,"item":"choicescarf","ivs":{"atk":31,"def":31,"hp":31,"spa":31,"spd":31,"spe":31},"level":100,"moves":["uturn","icepunch","flareblitz","earthquake"],"name":"Kong","nature":"Jolly","shiny":true,"species":"darmanitangalar"},{"ability":"cursedbody","evs":{"atk":0,"def":4,"hp":252,"spa":0,"spd":252,"spe":0},"gender":"M","happiness":160,"item":"eviolite","ivs":{"atk":0,"def":31,"hp":31,"spa":31,"spd":31,"spe":31},"level":100,"moves":["willowisp","strengthsap","stealthrock","nightshade"],"name":"Eeyore","nature":"Calm","shiny":true,"species":"corsolagalar"},{"ability":"overcoat","evs":{"atk":0,"def":252,"hp":248,"spa":0,"spd":8,"spe":0},"gender":"F","happiness":160,"item":"rockyhelmet","ivs":{"atk":0,"def":31,"hp":31,"spa":31,"spd":31,"spe":31},"level":100,"moves":["roost","defog","toxic","foulplay"],"name":"Flamengo","nature":"Bold","shiny":true,"species":"mandibuzz"},{"ability":"magicbounce","evs":{"atk":4,"def":0,"hp":252,"spa":252,"spd":0,"spe":0},"gender":"F","happiness":160,"item":"leftovers","ivs":{"atk":0,"def":31,"hp":31,"spa":31,"spd":31,"spe":31},"level":100,"moves":["trickroom","mysticalfire","psychic","dazzlinggleam"],"name":"Wanda","nature":"Quiet","shiny":true,"species":"hatterene"},{"ability":"waterabsorb","evs":{"atk":252,"def":0,"hp":252,"spa":0,"spd":4,"spe":0},"gender":"M","happiness":160,"item":"assaultvest","ivs":{"atk":31,"def":31,"hp":31,"spa":31,"spd":31,"spe":31},"level":100,"moves":["liquidation","drainpunch","earthquake","icepunch"],"name":"Kermit","nature":"Adamant","shiny":true,"species":"seismitoad"},{"ability":"flashfire","evs":{"atk":0,"def":0,"hp":0,"spa":252,"spd":4,"spe":252},"gender":"F","happiness":160,"item":"choicescarf","ivs":{"atk":0,"def":31,"hp":31,"spa":31,"spd":31,"spe":31},"level":100,"moves":["trick","energyball","flamethrower","shadowball"],"name":"Yagami","nature":"Timid","shiny":true,"species":"chandelure"}],"p2":"146220","p2rating":1276,"p2team":[{"ability":"ironbarbs","evs":{"atk":0,"def":156,"hp":252,"spa":0,"spd":100,"spe":0},"happiness":160,"item":"leftovers","ivs":{"atk":31,"def":31,"hp":31,"spa":31,"spd":31,"spe":0},"level":100,"moves":["knockoff","stealthrock","leechseed","gyroball"],"name":"Ferrothorn","nature":"Sassy","species":"Ferrothorn"},{"ability":"strongjaw","evs":{"atk":252,"def":0,"hp":4,"spa":0,"spd":0,"spe":252},"gender":"N","happiness":160,"item":"choicescarf","ivs":{"atk":31,"def":31,"hp":31,"spa":31,"spd":31,"spe":31},"level":100,"moves":["fishiousrend","crunch","lowkick","psychicfangs"],"name":"Dracovish","nature":"Jolly","species":"Dracovish"},{"ability":"magicguard","evs":{"atk":0,"def":4,"hp":252,"spa":252,"spd":0,"spe":0},"happiness":160,"item":"lifeorb","ivs":{"atk":0,"def":31,"hp":31,"spa":31,"spd":31,"spe":31},"level":100,"moves":["flamethrower","thunder","moonblast","moonlight"],"name":"Clefable","nature":"Modest","species":"Clefable"},{"ability":"gorillatactics","evs":{"atk":252,"def":0,"hp":4,"spa":0,"spd":0,"spe":252},"happiness":160,"item":"choicescarf","ivs":{"atk":31,"def":31,"hp":31,"spa":31,"spd":31,"spe":31},"level":100,"moves":["flareblitz","iciclecrash","earthquake","uturn"],"name":"Darmanitan","nature":"Jolly","species":"darmanitangalar"},{"ability":"drizzle","evs":{"atk":0,"def":252,"hp":252,"spa":0,"spd":4,"spe":0},"happiness":160,"item":"damprock","ivs":{"atk":31,"def":31,"hp":31,"spa":31,"spd":31,"spe":31},"level":100,"moves":["uturn","hydropump","hurricane","roost"],"name":"Pelipper","nature":"Bold","species":"Pelipper"},{"ability":"swiftswim","evs":{"atk":252,"def":0,"hp":4,"spa":0,"spd":0,"spe":252},"happiness":160,"item":"choiceband","ivs":{"atk":31,"def":31,"hp":31,"spa":31,"spd":31,"spe":31},"level":100,"moves":["closecombat","poisonjab","liquidation","psychicfangs"],"name":"Barraskewda","nature":"Adamant","species":"Barraskewda"}],"roomid":1022006,"score":[0,1],"seed":[19318,64485,48487,33241],"timestamp":"Sat Dec 28 2019 18:XX","turns":25,"winner":"146220","rated_battle":true,"average_rating":1255}