{"endType":"forfeit","format":"gen8ou","inputLog":[">version aa9f8c6b9cf4eca780a1296832ecd3b0009641e0",">version-origin 5e8529faaa5905c5f8e15eafaaefa806ee8c7d06",">start {\"formatid\":\"gen8ou\",\"seed\":[59394,15712,2533,26193],\"rated\":\"Rated battle\"}",">player p1 {\"\"name\":\"27226\",\"rating\":1230}",">player p2 {\"\"name\":\"41394\",\"rating\":1235}",">p1 team 6, 2, 3, 4, 5, 1",">p2 team 4, 2, 3, 1, 5, 6",">p1 move thunderwave",">p2 move flareblitz",">p1 switch 3",">p1 move flareblitz",">p2 switch 3",">p1 switch 2",">p2 move uturn",">p2 switch 6",">p1 switch 6",">p2 move calmmind",">p1 move moonblast",">p2 move psychic",">p1 move moonblast",">p2 move calmmind",">p1 move wish",">p2 move calmmind",">p1 move moonblast",">p2 move psychic",">p1 switch 2",">p2 move psychic",">p1 move psychic",">p2 switch 5",">p1 switch 6",">p2 move lightscreen",">p1 move scald",">p2 switch 5",">p1 switch 5",">p2 move psychic",">p1 move bravebird",">p2 move mysticalfire",">p1 move bravebird",">p2 switch 4",">p1 move bodypress",">p2 move iciclespear",">p1 switch 2",">p1 move thunderwave",">p2 switch 6",">p1 move protect",">p2 move uturn",">p1 move moonblast",">p2 move pyroball",">p1 move protect",">p2 move pyroball",">p1 move wish",">p2 move pyroball",">p1 move protect",">p2 switch 4",">p1 move moonblast",">p2 move calmmind",">p1 move moonblast",">p2 move drainingkiss",">p1 move moonblast",">p2 move drainingkiss",">p1 move moonblast",">p2 move calmmind",">p1 move wish",">p2 move drainingkiss",">p1 move protect",">p2 move calmmind",">p1 move protect",">p2 move psychic",">p1 move wish",">p2 move psychic",">p1 move moonblast",">p2 move drainingkiss",">p1 switch 6",">p1 move drainingkiss",">p2 switch 4",">p2 switch 3",">p1 move drainingkiss",">p2 move uturn",">p2 switch 4",">p1 move drainingkiss",">p2 move psychic",">p2 switch 4",">p1 move drainingkiss",">p2 move iciclecrash",">p2 switch 6",">p1 move drainingkiss",">p2 move iciclespear",">p1 switch 5",">p1 move scald",">p2 move shellsmash",">p1 move haze",">p2 move rockblast"],"log":["|j|\u260627226","|j|\u260641394","|player|p1|27226|ghetsis|1230","|player|p2|41394|101|1235","|teamsize|p1|6","|teamsize|p2|6","|gametype|singles","|gen|8","|tier|[Gen 8] OU","|rated|","|rule|Sleep Clause Mod: Limit one foe put to sleep","|rule|Species Clause: Limit one of each Pok\u00e9mon","|rule|OHKO Clause: OHKO moves are banned","|rule|Evasion Moves Clause: Evasion moves are banned","|rule|Endless Battle Clause: Forcing endless battles is banned","|rule|HP Percentage Mod: HP is shown in percentages","|clearpoke","|poke|p1|Clefable, F|","|poke|p1|Toxapex, M|","|poke|p1|Ditto|","|poke|p1|Hatterene, F|","|poke|p1|Corviknight, M|","|poke|p1|Ferrothorn, M|","|poke|p2|Cloyster, F|","|poke|p2|Hawlucha, F|","|poke|p2|Cinderace, F|","|poke|p2|Darmanitan-Galar, F|","|poke|p2|Grimmsnarl, M|","|poke|p2|Hatterene, F|","|rule|Dynamax Clause: You cannot dynamax","|teampreview","|","|start","|switch|p1a: Ferrothorn|Ferrothorn, M|352\/352","|switch|p2a: Darmanitan|Darmanitan-Galar, F|351\/351","|turn|1","|","|move|p2a: Darmanitan|Flare Blitz|p1a: Ferrothorn","|-supereffective|p1a: Ferrothorn","|-damage|p1a: Ferrothorn|0 fnt","|-damage|p2a: Darmanitan|308\/351|[from] ability: Iron Barbs|[of] p1a: Ferrothorn","|-damage|p2a: Darmanitan|192\/351|[from] Recoil","|faint|p1a: Ferrothorn","|","|upkeep","|","|switch|p1a: Ditto|Ditto|300\/300","|-transform|p1a: Ditto|p2a: Darmanitan|[from] ability: Imposter","|turn|2","|","|switch|p2a: Cinderace|Cinderace, F|301\/301","|move|p1a: Ditto|Flare Blitz|p2a: Cinderace","|-resisted|p2a: Cinderace","|-damage|p2a: Cinderace|158\/301","|-damage|p1a: Ditto|253\/300|[from] Recoil","|","|upkeep","|turn|3","|","|switch|p1a: Toxapex|Toxapex, M|303\/303","|move|p2a: Cinderace|U-turn|p1a: Toxapex","|-resisted|p1a: Toxapex","|-damage|p1a: Toxapex|283\/303","|","|switch|p2a: Hatterene|Hatterene, F|318\/318","|","|upkeep","|turn|4","|","|switch|p1a: Clefable|Clefable, F|394\/394","|move|p2a: Hatterene|Calm Mind|p2a: Hatterene","|-boost|p2a: Hatterene|spa|1","|-boost|p2a: Hatterene|spd|1","|","|upkeep","|turn|5","|","|move|p1a: Clefable|Moonblast|p2a: Hatterene","|-damage|p2a: Hatterene|258\/318","|-unboost|p2a: Hatterene|spa|1","|move|p2a: Hatterene|Psychic|p1a: Clefable","|-damage|p1a: Clefable|252\/394","|","|-heal|p1a: Clefable|276\/394|[from] item: Leftovers","|-heal|p2a: Hatterene|277\/318|[from] item: Leftovers","|upkeep","|turn|6","|","|move|p1a: Clefable|Moonblast|p2a: Hatterene","|-damage|p2a: Hatterene|217\/318","|-unboost|p2a: Hatterene|spa|1","|move|p2a: Hatterene|Calm Mind|p2a: Hatterene","|-boost|p2a: Hatterene|spa|1","|-boost|p2a: Hatterene|spd|1","|","|-heal|p1a: Clefable|300\/394|[from] item: Leftovers","|-heal|p2a: Hatterene|236\/318|[from] item: Leftovers","|upkeep","|turn|7","|","|move|p1a: Clefable|Wish|p1a: Clefable","|move|p2a: Hatterene|Calm Mind|p2a: Hatterene","|-boost|p2a: Hatterene|spa|1","|-boost|p2a: Hatterene|spd|1","|","|-heal|p1a: Clefable|324\/394|[from] item: Leftovers","|-heal|p2a: Hatterene|255\/318|[from] item: Leftovers","|upkeep","|turn|8","|","|move|p1a: Clefable|Moonblast|p2a: Hatterene","|-damage|p2a: Hatterene|216\/318","|move|p2a: Hatterene|Psychic|p1a: Clefable","|-damage|p1a: Clefable|107\/394","|-unboost|p1a: Clefable|spd|1","|","|-heal|p1a: Clefable|304\/394|[from] move: Wish|[wisher] Clefable","|-heal|p1a: Clefable|328\/394|[from] item: Leftovers","|-heal|p2a: Hatterene|235\/318|[from] item: Leftovers","|upkeep","|turn|9","|","|switch|p1a: Ditto|Ditto|253\/300","|-transform|p1a: Ditto|p2a: Hatterene|[from] ability: Imposter","|move|p2a: Hatterene|Psychic|p1a: Ditto","|-resisted|p1a: Ditto","|-damage|p1a: Ditto|199\/300","|","|-heal|p2a: Hatterene|254\/318|[from] item: Leftovers","|upkeep","|turn|10","|","|switch|p2a: Grimmsnarl|Grimmsnarl, M|394\/394","|move|p1a: Ditto|Psychic|p2a: Grimmsnarl","|-immune|p2a: Grimmsnarl","|","|upkeep","|turn|11","|","|switch|p1a: Toxapex|Toxapex, M|303\/303","|move|p2a: Grimmsnarl|Light Screen|p2a: Grimmsnarl","|-sidestart41394|move: Light Screen","|","|upkeep","|turn|12","|","|switch|p2a: Hatterene|Hatterene, F|254\/318","|move|p1a: Toxapex|Scald|p2a: Hatterene","|-damage|p2a: Hatterene|227\/318","|","|-heal|p2a: Hatterene|246\/318|[from] item: Leftovers","|upkeep","|turn|13","|","|switch|p1a: Corviknight|Corviknight, M|400\/400","|-ability|p1a: Corviknight|Pressure","|move|p2a: Hatterene|Psychic|p1a: Corviknight","|-resisted|p1a: Corviknight","|-damage|p1a: Corviknight|304\/400","|","|-heal|p1a: Corviknight|329\/400|[from] item: Leftovers","|-heal|p2a: Hatterene|265\/318|[from] item: Leftovers","|upkeep","|turn|14","|","|move|p1a: Corviknight|Brave Bird|p2a: Hatterene","|-damage|p2a: Hatterene|144\/318","|-damage|p1a: Corviknight|289\/400|[from] Recoil","|move|p2a: Hatterene|Mystical Fire|p1a: Corviknight","|-supereffective|p1a: Corviknight","|-damage|p1a: Corviknight|73\/400","|-unboost|p1a: Corviknight|spa|1","|","|-heal|p1a: Corviknight|98\/400|[from] item: Leftovers","|-heal|p2a: Hatterene|163\/318|[from] item: Leftovers","|upkeep","|turn|15","|","|switch|p2a: Cloyster|Cloyster, F|241\/241","|move|p1a: Corviknight|Brave Bird|p2a: Cloyster","|-damage|p2a: Cloyster|172\/241","|-damage|p1a: Corviknight|75\/400|[from] Recoil","|","|-heal|p1a: Corviknight|100\/400|[from] item: Leftovers","|upkeep","|turn|16","|","|move|p2a: Cloyster|Icicle Spear|p1a: Corviknight","|-crit|p1a: Corviknight","|-damage|p1a: Corviknight|57\/400","|-damage|p1a: Corviknight|32\/400","|-crit|p1a: Corviknight","|-damage|p1a: Corviknight|0 fnt","|-hitcount|p1a: Corviknight|3","|faint|p1a: Corviknight","|","|upkeep","|","|switch|p1a: Clefable|Clefable, F|328\/394","|turn|17","|","|switch|p2a: Cinderace|Cinderace, F|158\/301","|move|p1a: Clefable|Thunder Wave|p2a: Cinderace","|-status|p2a: Cinderace|par","|","|-heal|p1a: Clefable|352\/394|[from] item: Leftovers","|upkeep","|turn|18","|","|move|p1a: Clefable|Protect|p1a: Clefable","|-singleturn|p1a: Clefable|Protect","|move|p2a: Cinderace|U-turn|p1a: Clefable","|-activate|p1a: Clefable|move: Protect","|","|-heal|p1a: Clefable|376\/394|[from] item: Leftovers","|-sideend41394|move: Light Screen","|upkeep","|turn|19","|","|move|p2a: Cinderace|Pyro Ball|p1a: Clefable","|-damage|p1a: Clefable|133\/394","|move|p1a: Clefable|Moonblast|p2a: Cinderace","|-resisted|p2a: Cinderace","|-damage|p2a: Cinderace|92\/301 par","|","|-heal|p1a: Clefable|157\/394|[from] item: Leftovers","|upkeep","|turn|20","|","|move|p1a: Clefable|Protect|p1a: Clefable","|-singleturn|p1a: Clefable|Protect","|move|p2a: Cinderace|Pyro Ball|p1a: Clefable","|-activate|p1a: Clefable|move: Protect","|","|-heal|p1a: Clefable|181\/394|[from] item: Leftovers","|upkeep","|turn|21","|","|cant|p2a: Cinderace|par","|move|p1a: Clefable|Wish|p1a: Clefable","|","|-heal|p1a: Clefable|205\/394|[from] item: Leftovers","|upkeep","|turn|22","|","|switch|p2a: Hatterene|Hatterene, F|163\/318","|move|p1a: Clefable|Protect||[still]","|-fail|p1a: Clefable","|","|-heal|p1a: Clefable|394\/394|[from] move: Wish|[wisher] Clefable","|-heal|p2a: Hatterene|182\/318|[from] item: Leftovers","|upkeep","|turn|23","|","|move|p1a: Clefable|Moonblast|p2a: Hatterene","|-damage|p2a: Hatterene|94\/318","|move|p2a: Hatterene|Calm Mind|p2a: Hatterene","|-boost|p2a: Hatterene|spa|1","|-boost|p2a: Hatterene|spd|1","|","|-heal|p2a: Hatterene|113\/318|[from] item: Leftovers","|upkeep","|turn|24","|","|move|p1a: Clefable|Moonblast|p2a: Hatterene","|-damage|p2a: Hatterene|50\/318","|move|p2a: Hatterene|Draining Kiss|p1a: Clefable","|-damage|p1a: Clefable|283\/394","|-heal|p2a: Hatterene|133\/318|[from] drain|[of] p1a: Clefable","|","|-heal|p1a: Clefable|307\/394|[from] item: Leftovers","|-heal|p2a: Hatterene|152\/318|[from] item: Leftovers","|upkeep","|turn|25","|","|move|p1a: Clefable|Moonblast|p2a: Hatterene","|-damage|p2a: Hatterene|92\/318","|move|p2a: Hatterene|Draining Kiss|p1a: Clefable","|-damage|p1a: Clefable|198\/394","|-heal|p2a: Hatterene|174\/318|[from] drain|[of] p1a: Clefable","|","|-heal|p1a: Clefable|222\/394|[from] item: Leftovers","|-heal|p2a: Hatterene|193\/318|[from] item: Leftovers","|upkeep","|turn|26","|","|move|p1a: Clefable|Moonblast|p2a: Hatterene","|-damage|p2a: Hatterene|129\/318","|move|p2a: Hatterene|Calm Mind|p2a: Hatterene","|-boost|p2a: Hatterene|spa|1","|-boost|p2a: Hatterene|spd|1","|","|-heal|p1a: Clefable|246\/394|[from] item: Leftovers","|-heal|p2a: Hatterene|148\/318|[from] item: Leftovers","|upkeep","|turn|27","|","|move|p1a: Clefable|Wish|p1a: Clefable","|move|p2a: Hatterene|Draining Kiss|p1a: Clefable","|-damage|p1a: Clefable|81\/394","|-heal|p2a: Hatterene|272\/318|[from] drain|[of] p1a: Clefable","|","|-heal|p1a: Clefable|105\/394|[from] item: Leftovers","|-heal|p2a: Hatterene|291\/318|[from] item: Leftovers","|upkeep","|turn|28","|","|move|p1a: Clefable|Protect|p1a: Clefable","|-singleturn|p1a: Clefable|Protect","|move|p2a: Hatterene|Calm Mind|p2a: Hatterene","|-boost|p2a: Hatterene|spa|1","|-boost|p2a: Hatterene|spd|1","|","|-heal|p1a: Clefable|302\/394|[from] move: Wish|[wisher] Clefable","|-heal|p1a: Clefable|326\/394|[from] item: Leftovers","|-heal|p2a: Hatterene|310\/318|[from] item: Leftovers","|upkeep","|turn|29","|","|move|p1a: Clefable|Protect|p1a: Clefable","|-singleturn|p1a: Clefable|Protect","|move|p2a: Hatterene|Psychic|p1a: Clefable","|-activate|p1a: Clefable|move: Protect","|","|-heal|p1a: Clefable|350\/394|[from] item: Leftovers","|-heal|p2a: Hatterene|318\/318|[from] item: Leftovers","|upkeep","|turn|30","|","|move|p1a: Clefable|Wish|p1a: Clefable","|move|p2a: Hatterene|Psychic|p1a: Clefable","|-damage|p1a: Clefable|23\/394","|","|-heal|p1a: Clefable|47\/394|[from] item: Leftovers","|upkeep","|turn|31","|","|move|p1a: Clefable|Moonblast|p2a: Hatterene","|-damage|p2a: Hatterene|279\/318","|move|p2a: Hatterene|Draining Kiss|p1a: Clefable","|-damage|p1a: Clefable|0 fnt","|-heal|p2a: Hatterene|314\/318|[from] drain|[of] p1a: Clefable","|faint|p1a: Clefable","|","|-heal|p2a: Hatterene|318\/318|[from] item: Leftovers","|upkeep","|","|switch|p1a: Ditto|Ditto|199\/300","|-transform|p1a: Ditto|p2a: Hatterene|[from] ability: Imposter","|turn|32","|","|switch|p2a: Cinderace|Cinderace, F|92\/301 par","|move|p1a: Ditto|Draining Kiss|p2a: Cinderace","|-resisted|p2a: Cinderace","|-damage|p2a: Cinderace|0 fnt","|-heal|p1a: Ditto|268\/300|[from] drain|[of] p2a: Cinderace","|faint|p2a: Cinderace","|","|upkeep","|","|switch|p2a: Darmanitan|Darmanitan-Galar, F|192\/351","|turn|33","|","|move|p2a: Darmanitan|U-turn|p1a: Ditto","|-damage|p1a: Ditto|137\/300","|","|switch|p2a: Hatterene|Hatterene, F|318\/318","|move|p1a: Ditto|Draining Kiss|p2a: Hatterene","|-damage|p2a: Hatterene|92\/318","|-heal|p1a: Ditto|300\/300|[from] drain|[of] p2a: Hatterene","|","|-heal|p2a: Hatterene|111\/318|[from] item: Leftovers","|upkeep","|turn|34","|","|move|p1a: Ditto|Draining Kiss|p2a: Hatterene","|-damage|p2a: Hatterene|0 fnt","|faint|p2a: Hatterene","|","|upkeep","|","|switch|p2a: Darmanitan|Darmanitan-Galar, F|192\/351","|turn|35","|","|move|p2a: Darmanitan|Icicle Crash|p1a: Ditto","|-damage|p1a: Ditto|44\/300","|move|p1a: Ditto|Draining Kiss|p2a: Darmanitan","|-damage|p2a: Darmanitan|0 fnt","|-heal|p1a: Ditto|188\/300|[from] drain|[of] p2a: Darmanitan","|faint|p2a: Darmanitan","|","|upkeep","|","|switch|p2a: Cloyster|Cloyster, F|172\/241","|turn|36","|","|move|p2a: Cloyster|Icicle Spear|p1a: Ditto","|-damage|p1a: Ditto|148\/300","|-damage|p1a: Ditto|112\/300","|-damage|p1a: Ditto|73\/300","|-damage|p1a: Ditto|34\/300","|-damage|p1a: Ditto|0 fnt","|-hitcount|p1a: Ditto|5","|faint|p1a: Ditto","|","|upkeep","|","|switch|p1a: Toxapex|Toxapex, M|303\/303","|turn|37","|","|move|p2a: Cloyster|Shell Smash|p2a: Cloyster","|-unboost|p2a: Cloyster|def|1","|-unboost|p2a: Cloyster|spd|1","|-boost|p2a: Cloyster|atk|2","|-boost|p2a: Cloyster|spa|2","|-boost|p2a: Cloyster|spe|2","|move|p1a: Toxapex|Scald|p2a: Cloyster","|-resisted|p2a: Cloyster","|-damage|p2a: Cloyster|91\/241","|","|upkeep","|turn|38","|","|move|p2a: Cloyster|Rock Blast|p1a: Toxapex","|-damage|p1a: Toxapex|275\/303","|-damage|p1a: Toxapex|249\/303","|-damage|p1a: Toxapex|225\/303","|-damage|p1a: Toxapex|198\/303","|-damage|p1a: Toxapex|173\/303","|-hitcount|p1a: Toxapex|5","|move|p1a: Toxapex|Haze|p1a: Toxapex","|-clearallboost","|","|upkeep","|turn|39","|-message|41394 forfeited.","|","|win|27226","|l|\u260641394","|l|\u260627226","|raw|27226's rating: 1230 &rarr; <strong>1256<\/strong><br \/>(+26 for winning)","|raw|41394's rating: 1236 &rarr; <strong>1211<\/strong><br \/>(-25 for losing)",""],"p1":"27226","p1rating":1230,"p1team":[{"ability":"magicguard","evs":{"atk":4,"def":0,"hp":252,"spa":0,"spd":252,"spe":0},"gender":"F","happiness":160,"item":"leftovers","ivs":{"atk":0,"def":31,"hp":31,"spa":31,"spd":31,"spe":31},"level":100,"moves":["wish","protect","moonblast","thunderwave"],"name":"Clefable","nature":"Careful","species":"Clefable"},{"ability":"regenerator","evs":{"atk":0,"def":252,"hp":248,"spa":0,"spd":8,"spe":0},"gender":"M","happiness":160,"item":"shucaberry","ivs":{"atk":0,"def":31,"hp":31,"spa":31,"spd":31,"spe":31},"level":100,"moves":["banefulbunker","haze","recover","scald"],"name":"Toxapex","nature":"Bold","species":"Toxapex"},{"ability":"imposter","evs":{"atk":0,"def":0,"hp":252,"spa":0,"spd":0,"spe":0},"gender":"N","happiness":160,"item":"choicescarf","ivs":{"atk":0,"def":31,"hp":31,"spa":31,"spd":31,"spe":31},"level":100,"moves":["transform"],"name":"Ditto","nature":"","species":"Ditto"},{"ability":"magicbounce","evs":{"atk":0,"def":0,"hp":196,"spa":252,"spd":0,"spe":60},"gender":"F","happiness":160,"item":"leftovers","ivs":{"atk":31,"def":31,"hp":31,"spa":31,"spd":31,"spe":31},"level":100,"moves":["mysticalfire","psyshock","drainingkiss","calmmind"],"name":"Hatterene","nature":"Modest","species":"Hatterene"},{"ability":"pressure","evs":{"atk":0,"def":240,"hp":252,"spa":0,"spd":0,"spe":16},"gender":"M","happiness":160,"item":"leftovers","ivs":{"atk":31,"def":31,"hp":31,"spa":31,"spd":31,"spe":31},"level":100,"moves":["roost","defog","bodypress","bravebird"],"name":"Corviknight","nature":"Impish","species":"Corviknight"},{"ability":"ironbarbs","evs":{"atk":4,"def":0,"hp":252,"spa":0,"spd":252,"spe":0},"gender":"M","happiness":160,"item":"leftovers","ivs":{"atk":31,"def":31,"hp":31,"spa":31,"spd":31,"spe":31},"level":100,"moves":["knockoff","thunderwave","stealthrock","leechseed"],"name":"Ferrothorn","nature":"Sassy","species":"Ferrothorn"}],"p2":"41394","p2rating":1235,"p2team":[{"ability":"skilllink","evs":{"atk":252,"def":0,"hp":0,"spa":0,"spd":4,"spe":252},"happiness":160,"item":"kingsrock","ivs":{"atk":31,"def":31,"hp":31,"spa":31,"spd":31,"spe":31},"level":100,"moves":["shellsmash","iciclespear","rockblast","liquidation"],"name":"Cloyster","nature":"Jolly","species":"Cloyster"},{"ability":"unburden","evs":{"atk":252,"def":0,"hp":24,"spa":0,"spd":0,"spe":232},"happiness":160,"item":"whiteherb","ivs":{"atk":31,"def":31,"hp":31,"spa":31,"spd":31,"spe":31},"level":100,"moves":["closecombat","acrobatics","swordsdance","throatchop"],"name":"Hawlucha","nature":"Adamant","species":"Hawlucha"},{"ability":"blaze","evs":{"atk":252,"def":0,"hp":0,"spa":0,"spd":4,"spe":252},"happiness":160,"item":"heavydutyboots","ivs":{"atk":31,"def":31,"hp":31,"spa":31,"spd":31,"spe":31},"level":100,"moves":["uturn","pyroball","suckerpunch","courtchange"],"name":"Cinderace","nature":"Jolly","species":"Cinderace"},{"ability":"gorillatactics","evs":{"atk":252,"def":0,"hp":0,"spa":0,"spd":4,"spe":252},"happiness":160,"item":"choicescarf","ivs":{"atk":31,"def":31,"hp":31,"spa":31,"spd":31,"spe":31},"level":100,"moves":["uturn","flareblitz","iciclecrash","superpower"],"name":"Darmanitan","nature":"Jolly","species":"darmanitangalar"},{"ability":"prankster","evs":{"atk":4,"def":0,"hp":252,"spa":0,"spd":252,"spe":0},"gender":"M","happiness":160,"item":"lightclay","ivs":{"atk":31,"def":31,"hp":31,"spa":31,"spd":31,"spe":31},"level":100,"moves":["reflect","lightscreen","thunderwave","spiritbreak"],"name":"Grimmsnarl","nature":"Careful","species":"Grimmsnarl"},{"ability":"magicbounce","evs":{"atk":0,"def":0,"hp":252,"spa":252,"spd":4,"spe":0},"gender":"F","happiness":160,"item":"leftovers","ivs":{"atk":0,"def":31,"hp":31,"spa":31,"spd":31,"spe":31},"level":100,"moves":["psychic","calmmind","drainingkiss","mysticalfire"],"name":"Hatterene","nature":"Modest","species":"Hatterene"}],"roomid":1022600,"score":[2,3],"seed":[59394,15712,2533,26193],"timestamp":"Sat Dec 28 2019 19:XX","turns":39,"winner":"27226","rated_battle":true,"average_rating":1232}