{"endType":"normal","format":"gen8ou","inputLog":[">version aa9f8c6b9cf4eca780a1296832ecd3b0009641e0",">version-origin 5e8529faaa5905c5f8e15eafaaefa806ee8c7d06",">start {\"formatid\":\"gen8ou\",\"seed\":[46760,41574,14312,38269],\"rated\":\"Rated battle\"}",">player p1 {\"\"name\":\"475\",\"rating\":1458}",">player p2 {\"\"name\":\"32294\",\"rating\":1389}",">p1 team 5, 2, 3, 4, 1, 6",">p2 team 1, 2, 3, 4, 5, 6",">p1 move closecombat",">p2 switch 2",">p1 switch 6",">p2 move hypervoice",">p1 move stealthrock",">p2 switch 5",">p1 switch 6",">p2 move stealthrock",">p1 move closecombat",">p2 switch 6",">p1 move darkestlariat",">p2 move dracometeor",">p1 switch 3",">p1 move leechseed",">p2 switch 4",">p1 move spikes",">p2 switch 4",">p1 move leechseed",">p2 move shadowball",">p1 move spikes",">p2 switch 4",">p1 move leechseed",">p2 move defog",">p1 move spikes",">p2 switch 2",">p1 move leechseed",">p2 move heatcrash",">p1 switch 6",">p1 move stealthrock",">p2 switch 2",">p1 move explosion",">p2 move defog",">p1 switch 2",">p1 move boomburst",">p2 switch 6",">p1 move boomburst",">p2 move earthquake",">p2 switch 3",">p1 move voltswitch",">p2 move psychicfangs",">p1 switch 5",">p1 move irontail",">p2 move psychicfangs",">p1 move irontail",">p2 switch 6",">p1 switch 4",">p2 move defog",">p1 move iciclecrash",">p2 move bodypress",">p1 move iciclecrash",">p2 move bodypress",">p2 switch 2",">p1 move iciclecrash",">p2 move earthquake",">p2 switch 4",">p1 move iciclecrash",">p2 move shadowball",">p1 switch 4",">p1 move irontail",">p2 move shadowball"],"log":["|j|\u2606475","|j|\u260632294","|player|p1|475|190|1458","|player|p2|32294|146|1389","|teamsize|p1|6","|teamsize|p2|6","|gametype|singles","|gen|8","|tier|[Gen 8] OU","|rated|","|rule|Sleep Clause Mod: Limit one foe put to sleep","|rule|Species Clause: Limit one of each Pok\u00e9mon","|rule|OHKO Clause: OHKO moves are banned","|rule|Evasion Moves Clause: Evasion moves are banned","|rule|Endless Battle Clause: Forcing endless battles is banned","|rule|HP Percentage Mod: HP is shown in percentages","|clearpoke","|poke|p1|Haxorus, M|","|poke|p1|Toxtricity, F|","|poke|p1|Ferrothorn, F|","|poke|p1|Darmanitan-Galar, F|","|poke|p1|Machamp, M|","|poke|p1|Claydol|","|poke|p2|Stonjourner, M|","|poke|p2|Sylveon, F|","|poke|p2|Mew|","|poke|p2|Corviknight, M|","|poke|p2|Seismitoad, M|","|poke|p2|Dragapult, F|","|rule|Dynamax Clause: You cannot dynamax","|teampreview","|","|start","|switch|p1a: Machamp|Machamp, M|322\/322","|switch|p2a: stone bro|Stonjourner, M|341\/341","|turn|1","|","|switch|p2a: Sylveon|Sylveon, F, shiny|393\/393","|move|p1a: Machamp|Close Combat|p2a: Sylveon","|-resisted|p2a: Sylveon","|-damage|p2a: Sylveon|298\/393","|-unboost|p1a: Machamp|def|1","|-unboost|p1a: Machamp|spd|1","|","|-heal|p2a: Sylveon|322\/393|[from] item: Leftovers","|-status|p1a: Machamp|brn|[from] item: Flame Orb","|upkeep","|turn|2","|","|switch|p1a: Claydol|Claydol|310\/310","|move|p2a: Sylveon|Hyper Voice|p1a: Claydol","|-damage|p1a: Claydol|189\/310","|","|-heal|p1a: Claydol|208\/310|[from] item: Leftovers","|-heal|p2a: Sylveon|346\/393|[from] item: Leftovers","|upkeep","|turn|3","|","|switch|p2a: Seismitoad|Seismitoad, M|414\/414","|move|p1a: Claydol|Stealth Rock|p2a: Seismitoad","|-sidestart32294|move: Stealth Rock","|","|-heal|p1a: Claydol|227\/310|[from] item: Leftovers","|upkeep","|turn|4","|","|switch|p1a: Machamp|Machamp, M|322\/322 brn","|move|p2a: Seismitoad|Stealth Rock|p1a: Machamp","|-sidestart475|move: Stealth Rock","|","|-damage|p1a: Machamp|302\/322 brn|[from] brn","|upkeep","|turn|5","|","|switch|p2a: Dragapult|Dragapult, F|317\/317","|-damage|p2a: Dragapult|278\/317|[from] Stealth Rock","|move|p1a: Machamp|Close Combat|p2a: Dragapult","|-immune|p2a: Dragapult","|","|-damage|p1a: Machamp|282\/322 brn|[from] brn","|upkeep","|turn|6","|","|move|p2a: Dragapult|Draco Meteor|p1a: Machamp","|-damage|p1a: Machamp|0 fnt","|-unboost|p2a: Dragapult|spa|2","|faint|p1a: Machamp","|","|upkeep","|","|switch|p1a: Ferrothorn|Ferrothorn, F|352\/352","|-damage|p1a: Ferrothorn|330\/352|[from] Stealth Rock","|turn|7","|","|switch|p2a: Corviknight|Corviknight, M|400\/400","|-damage|p2a: Corviknight|350\/400|[from] Stealth Rock","|move|p1a: Ferrothorn|Leech Seed|p2a: Corviknight","|-start|p2a: Corviknight|move: Leech Seed","|","|-heal|p2a: Corviknight|375\/400|[from] item: Leftovers","|-heal|p1a: Ferrothorn|352\/352|[from] item: Leftovers","|-damage|p2a: Corviknight|325\/400|[from] Leech Seed|[of] p1a: Ferrothorn","|upkeep","|turn|8","|","|switch|p2a: Dragapult|Dragapult, F|278\/317","|-damage|p2a: Dragapult|239\/317|[from] Stealth Rock","|move|p1a: Ferrothorn|Spikes|p2a: Dragapult","|-sidestart32294|Spikes","|","|upkeep","|turn|9","|","|move|p2a: Dragapult|Shadow Ball|p1a: Ferrothorn","|-damage|p1a: Ferrothorn|241\/352","|move|p1a: Ferrothorn|Leech Seed|p2a: Dragapult","|-start|p2a: Dragapult|move: Leech Seed","|","|-heal|p1a: Ferrothorn|263\/352|[from] item: Leftovers","|-damage|p2a: Dragapult|200\/317|[from] Leech Seed|[of] p1a: Ferrothorn","|-heal|p1a: Ferrothorn|302\/352|[silent]","|upkeep","|turn|10","|","|switch|p2a: Corviknight|Corviknight, M|325\/400","|-damage|p2a: Corviknight|275\/400|[from] Stealth Rock","|move|p1a: Ferrothorn|Spikes|p2a: Corviknight","|-sidestart32294|Spikes","|","|-heal|p2a: Corviknight|300\/400|[from] item: Leftovers","|-heal|p1a: Ferrothorn|324\/352|[from] item: Leftovers","|upkeep","|turn|11","|","|move|p2a: Corviknight|Defog|p1a: Ferrothorn","|-unboost|p1a: Ferrothorn|evasion|1","|-sideend475|Stealth Rock|[from] move: Defog|[of] p2a: Corviknight","|-sideend32294|Spikes|[from] move: Defog|[of] p2a: Corviknight","|-sideend32294|Stealth Rock|[from] move: Defog|[of] p2a: Corviknight","|move|p1a: Ferrothorn|Leech Seed|p2a: Corviknight|[miss]","|-miss|p1a: Ferrothorn|p2a: Corviknight","|","|-heal|p2a: Corviknight|325\/400|[from] item: Leftovers","|-heal|p1a: Ferrothorn|346\/352|[from] item: Leftovers","|upkeep","|turn|12","|","|switch|p2a: stone bro|Stonjourner, M|341\/341","|move|p1a: Ferrothorn|Spikes|p2a: stone bro","|-sidestart32294|Spikes","|","|-heal|p1a: Ferrothorn|352\/352|[from] item: Leftovers","|upkeep","|turn|13","|","|move|p2a: stone bro|Heat Crash|p1a: Ferrothorn","|-supereffective|p1a: Ferrothorn","|-damage|p1a: Ferrothorn|0 fnt","|-damage|p2a: stone bro|299\/341|[from] ability: Iron Barbs|[of] p1a: Ferrothorn","|-damage|p2a: stone bro|265\/341|[from] item: Life Orb","|faint|p1a: Ferrothorn","|","|upkeep","|","|switch|p1a: Claydol|Claydol|227\/310","|turn|14","|","|switch|p2a: Corviknight|Corviknight, M|325\/400","|move|p1a: Claydol|Stealth Rock|p2a: Corviknight","|-sidestart32294|move: Stealth Rock","|","|-heal|p1a: Claydol|246\/310|[from] item: Leftovers","|-heal|p2a: Corviknight|350\/400|[from] item: Leftovers","|upkeep","|turn|15","|","|move|p1a: Claydol|Explosion|p2a: Corviknight","|-resisted|p2a: Corviknight","|-damage|p2a: Corviknight|297\/400","|faint|p1a: Claydol","|move|p2a: Corviknight|Defog|p1: Claydol|[notarget]","|-fail|p2a: Corviknight","|","|-heal|p2a: Corviknight|322\/400|[from] item: Leftovers","|upkeep","|","|switch|p1a: Toxtricity|Toxtricity, F|291\/291","|turn|16","|","|switch|p2a: Seismitoad|Seismitoad, M|414\/414","|-damage|p2a: Seismitoad|363\/414|[from] Spikes","|-damage|p2a: Seismitoad|338\/414|[from] Stealth Rock","|move|p1a: Toxtricity|Boomburst|p2a: Seismitoad","|-damage|p2a: Seismitoad|125\/414","|-damage|p1a: Toxtricity|262\/291|[from] item: Life Orb","|","|-heal|p2a: Seismitoad|150\/414|[from] item: Leftovers","|upkeep","|turn|17","|","|move|p1a: Toxtricity|Boomburst|p2a: Seismitoad","|-damage|p2a: Seismitoad|0 fnt","|-damage|p1a: Toxtricity|233\/291|[from] item: Life Orb","|faint|p2a: Seismitoad","|","|upkeep","|","|switch|p2a: Mew|Mew|341\/341","|-damage|p2a: Mew|299\/341|[from] Stealth Rock","|-damage|p2a: Mew|257\/341|[from] Spikes","|turn|18","|","|move|p2a: Mew|Psychic Fangs|p1a: Toxtricity","|-supereffective|p1a: Toxtricity","|-damage|p1a: Toxtricity|0 fnt","|faint|p1a: Toxtricity","|","|upkeep","|","|switch|p1a: Haxorus|Haxorus, M|293\/293","|-ability|p1a: Haxorus|Mold Breaker","|turn|19","|","|move|p1a: Haxorus|Iron Tail|p2a: Mew","|-damage|p2a: Mew|133\/341","|-unboost|p2a: Mew|def|1","|move|p2a: Mew|Psychic Fangs|p1a: Haxorus","|-damage|p1a: Haxorus|148\/293","|","|upkeep","|turn|20","|","|switch|p2a: Corviknight|Corviknight, M|322\/400","|-damage|p2a: Corviknight|272\/400|[from] Stealth Rock","|move|p1a: Haxorus|Iron Tail|p2a: Corviknight|[miss]","|-miss|p1a: Haxorus|p2a: Corviknight","|","|-heal|p2a: Corviknight|297\/400|[from] item: Leftovers","|upkeep","|turn|21","|","|switch|p1a: Darmanitan|Darmanitan-Galar, F|351\/351","|move|p2a: Corviknight|Defog|p1a: Darmanitan","|-unboost|p1a: Darmanitan|evasion|1","|-sideend32294|Spikes|[from] move: Defog|[of] p2a: Corviknight","|-sideend32294|Stealth Rock|[from] move: Defog|[of] p2a: Corviknight","|","|-heal|p2a: Corviknight|322\/400|[from] item: Leftovers","|upkeep","|turn|22","|","|move|p1a: Darmanitan|Icicle Crash|p2a: Corviknight","|-damage|p2a: Corviknight|87\/400","|move|p2a: Corviknight|Body Press|p1a: Darmanitan","|-supereffective|p1a: Darmanitan","|-damage|p1a: Darmanitan|55\/351","|","|-heal|p2a: Corviknight|112\/400|[from] item: Leftovers","|upkeep","|turn|23","|","|move|p1a: Darmanitan|Icicle Crash|p2a: Corviknight","|-damage|p2a: Corviknight|0 fnt","|faint|p2a: Corviknight","|","|upkeep","|","|switch|p2a: stone bro|Stonjourner, M|265\/341","|turn|24","|","|move|p1a: Darmanitan|Icicle Crash|p2a: stone bro","|-damage|p2a: stone bro|0 fnt","|faint|p2a: stone bro","|","|upkeep","|","|switch|p2a: Dragapult|Dragapult, F|200\/317","|turn|25","|","|move|p2a: Dragapult|Shadow Ball|p1a: Darmanitan","|-damage|p1a: Darmanitan|0 fnt","|faint|p1a: Darmanitan","|","|upkeep","|","|switch|p1a: Haxorus|Haxorus, M|148\/293","|-ability|p1a: Haxorus|Mold Breaker","|turn|26","|","|move|p1a: Haxorus|Iron Tail|p2a: Dragapult|[miss]","|-miss|p1a: Haxorus|p2a: Dragapult","|move|p2a: Dragapult|Shadow Ball|p1a: Haxorus","|-damage|p1a: Haxorus|0 fnt","|faint|p1a: Haxorus","|","|win|32294","|l|\u2606475","|raw|475's rating: 1458 &rarr; <strong>1434<\/strong><br \/>(-24 for losing)","|raw|32294's rating: 1389 &rarr; <strong>1413<\/strong><br \/>(+24 for winning)",""],"p1":"475","p1rating":1458,"p1team":[{"ability":"moldbreaker","evs":{"atk":252,"def":0,"hp":0,"spa":0,"spd":4,"spe":252},"happiness":160,"item":"choicescarf","ivs":{"atk":31,"def":31,"hp":31,"spa":31,"spd":31,"spe":31},"level":100,"moves":["outrage","closecombat","earthquake","irontail"],"name":"Haxorus","nature":"Jolly","species":"Haxorus"},{"ability":"punkrock","evs":{"atk":0,"def":0,"hp":0,"spa":252,"spd":4,"spe":252},"happiness":160,"item":"lifeorb","ivs":{"atk":0,"def":31,"hp":31,"spa":31,"spd":31,"spe":31},"level":100,"moves":["boomburst","sludgewave","overdrive","voltswitch"],"name":"Toxtricity","nature":"Timid","species":"Toxtricity"},{"ability":"ironbarbs","evs":{"atk":4,"def":0,"hp":252,"spa":0,"spd":252,"spe":0},"happiness":160,"item":"leftovers","ivs":{"atk":31,"def":31,"hp":31,"spa":31,"spd":31,"spe":0},"level":100,"moves":["spikes","leechseed","gyroball","thunderwave"],"name":"Ferrothorn","nature":"Sassy","species":"Ferrothorn"},{"ability":"gorillatactics","evs":{"atk":252,"def":0,"hp":0,"spa":0,"spd":4,"spe":252},"happiness":160,"item":"choiceband","ivs":{"atk":31,"def":31,"hp":31,"spa":31,"spd":31,"spe":31},"level":100,"moves":["flareblitz","iciclecrash","uturn","earthquake"],"name":"Darmanitan","nature":"Jolly","species":"darmanitangalar"},{"ability":"guts","evs":{"atk":252,"def":0,"hp":4,"spa":0,"spd":0,"spe":252},"happiness":160,"item":"flameorb","ivs":{"atk":31,"def":31,"hp":31,"spa":31,"spd":31,"spe":31},"level":100,"moves":["bulletpunch","closecombat","thunderpunch","darkestlariat"],"name":"Machamp","nature":"Jolly","species":"Machamp"},{"ability":"levitate","evs":{"atk":0,"def":252,"hp":196,"spa":0,"spd":0,"spe":60},"gender":"N","happiness":160,"item":"leftovers","ivs":{"atk":31,"def":31,"hp":31,"spa":31,"spd":31,"spe":31},"level":100,"moves":["rapidspin","explosion","stealthrock","bodypress"],"name":"Claydol","nature":"Impish","species":"Claydol"}],"p2":"32294","p2rating":1389,"p2team":[{"ability":"powerspot","evs":{"atk":252,"def":4,"hp":0,"spa":0,"spd":0,"spe":252},"gender":"M","happiness":160,"item":"lifeorb","ivs":{"atk":31,"def":31,"hp":31,"spa":31,"spd":31,"spe":31},"level":100,"moves":["rockpolish","earthquake","stoneedge","heatcrash"],"name":"stone bro","nature":"Adamant","species":"stonjourner"},{"ability":"pixilate","evs":{"atk":0,"def":244,"hp":248,"spa":0,"spd":0,"spe":16},"gender":"F","happiness":160,"item":"leftovers","ivs":{"atk":0,"def":31,"hp":31,"spa":31,"spd":31,"spe":31},"level":100,"moves":["hypervoice","mysticalfire","psyshock","calmmind"],"name":"Sylveon","nature":"Bold","shiny":true,"species":"Sylveon"},{"ability":"synchronize","evs":{"atk":252,"def":0,"hp":0,"spa":0,"spd":4,"spe":252},"gender":"N","happiness":160,"item":"lumberry","ivs":{"atk":31,"def":31,"hp":31,"spa":31,"spd":31,"spe":31},"level":100,"moves":["dragondance","psychicfangs","closecombat","darkestlariat"],"name":"Mew","nature":"Jolly","species":"Mew"},{"ability":"mirrorarmor","evs":{"atk":4,"def":252,"hp":252,"spa":0,"spd":0,"spe":0},"happiness":160,"item":"leftovers","ivs":{"atk":31,"def":31,"hp":31,"spa":31,"spd":31,"spe":31},"level":100,"moves":["uturn","bodypress","defog","roost"],"name":"Corviknight","nature":"Impish","species":"Corviknight"},{"ability":"waterabsorb","evs":{"atk":0,"def":4,"hp":252,"spa":0,"spd":252,"spe":0},"happiness":160,"item":"leftovers","ivs":{"atk":31,"def":31,"hp":31,"spa":31,"spd":31,"spe":31},"level":100,"moves":["stealthrock","toxic","scald","earthquake"],"name":"Seismitoad","nature":"Careful","species":"Seismitoad"},{"ability":"infiltrator","evs":{"atk":0,"def":0,"hp":0,"spa":252,"spd":4,"spe":252},"happiness":160,"item":"choicespecs","ivs":{"atk":0,"def":31,"hp":31,"spa":31,"spd":31,"spe":31},"level":100,"moves":["dracometeor","fireblast","thunderbolt","shadowball"],"name":"Dragapult","nature":"Timid","species":"Dragapult"}],"roomid":1023206,"score":[0,3],"seed":[46760,41574,14312,38269],"timestamp":"Sat Dec 28 2019 00:XX","turns":26,"winner":"32294","rated_battle":true,"average_rating":1423}