{"endType":"normal","format":"gen8ou","inputLog":[">version aa9f8c6b9cf4eca780a1296832ecd3b0009641e0",">version-origin 5e8529faaa5905c5f8e15eafaaefa806ee8c7d06",">start {\"formatid\":\"gen8ou\",\"seed\":[18061,25484,61663,2591],\"rated\":\"Rated battle\"}",">player p1 {\"\"name\":\"120849\",\"rating\":1290}",">player p2 {\"\"name\":\"10362\",\"rating\":1244}",">p1 team 3, 2, 1, 4, 5, 6",">p2 team 3, 2, 1, 4, 5, 6",">p1 move overheat",">p2 switch 6",">p1 move voltswitch",">p2 move nuzzle",">p1 switch 2",">p1 move shadowball",">p2 move calmmind",">p1 move shadowball",">p2 move drainingkiss",">p2 switch 3",">p1 switch 2",">p2 move pyroball",">p1 move voltswitch",">p2 move pyroball",">p1 switch 3",">p1 move bulkup",">p2 move pyroball",">p1 move suckerpunch",">p2 move pyroball",">p1 switch 6",">p1 move earthquake",">p2 move pyroball",">p2 switch 5",">p1 switch 4",">p2 move dragondance",">p1 move leechseed",">p2 move dragondance",">p1 move gyroball",">p2 move dragondance",">p1 move protect",">p2 move earthquake",">p1 move gyroball",">p2 move earthquake",">p2 switch 6",">p1 move protect",">p2 move earthquake",">p1 move leechseed",">p2 switch 4",">p1 move leechseed",">p2 move boltbeak",">p1 move protect",">p2 switch 2",">p1 switch 5",">p2 move dragondance",">p1 move knockoff",">p2 move dragondarts",">p1 switch 2",">p2 move dragondarts",">p1 move shadowsneak",">p2 move phantomforce",">p1 switch 5",">p2 move phantomforce",">p1 switch 5",">p1 move shadowsneak",">p2 move phantomforce",">p2 switch 2",">p1 move shadowsneak",">p2 move boltbeak",">p1 switch 4",">p1 move iciclecrash",">p2 move boltbeak",">p2 switch 4",">p1 move iciclecrash",">p2 move reversal",">p1 move iciclecrash",">p2 move reversal"],"log":["|j|\u2606120849","|j|\u260610362","|player|p1|120849|bellelba|1290","|player|p2|10362|101|1244","|teamsize|p1|6","|teamsize|p2|6","|gametype|singles","|gen|8","|tier|[Gen 8] OU","|rated|","|rule|Sleep Clause Mod: Limit one foe put to sleep","|rule|Species Clause: Limit one of each Pok\u00e9mon","|rule|OHKO Clause: OHKO moves are banned","|rule|Evasion Moves Clause: Evasion moves are banned","|rule|Endless Battle Clause: Forcing endless battles is banned","|rule|HP Percentage Mod: HP is shown in percentages","|clearpoke","|poke|p1|Grimmsnarl, M|","|poke|p1|Aegislash, M|","|poke|p1|Rotom-Heat|","|poke|p1|Ferrothorn, M|","|poke|p1|Mandibuzz, F|","|poke|p1|Darmanitan-Galar, M|","|poke|p2|Cinderace, F|","|poke|p2|Dragapult, F|","|poke|p2|Dugtrio, F|","|poke|p2|Dracozolt|","|poke|p2|Gyarados, F|","|poke|p2|Hatterene, F|","|rule|Dynamax Clause: You cannot dynamax","|teampreview","|","|start","|switch|p1a: Rotom|Rotom-Heat|304\/304","|switch|p2a: Dugtrio|Dugtrio, F|211\/211","|turn|1","|","|switch|p2a: Hatterene|Hatterene, F|318\/318","|move|p1a: Rotom|Overheat|p2a: Hatterene","|-damage|p2a: Hatterene|161\/318","|-unboost|p1a: Rotom|spa|2","|","|-heal|p2a: Hatterene|180\/318|[from] item: Leftovers","|upkeep","|turn|2","|","|move|p1a: Rotom|Volt Switch|p2a: Hatterene","|-damage|p2a: Hatterene|138\/318","|","|switch|p1a: Aegislash|Aegislash, M|279\/279","|move|p2a: Hatterene|Nuzzle|p1a: Aegislash","|-damage|p1a: Aegislash|268\/279","|-status|p1a: Aegislash|par","|","|-heal|p2a: Hatterene|157\/318|[from] item: Leftovers","|upkeep","|turn|3","|","|cant|p1a: Aegislash|par","|move|p2a: Hatterene|Calm Mind|p2a: Hatterene","|-boost|p2a: Hatterene|spa|1","|-boost|p2a: Hatterene|spd|1","|","|-heal|p2a: Hatterene|176\/318|[from] item: Leftovers","|upkeep","|turn|4","|","|-formechange|p1a: Aegislash|Aegislash-Blade||[from] ability: Stance Change","|move|p1a: Aegislash|Shadow Ball|p2a: Hatterene","|-supereffective|p2a: Hatterene","|-damage|p2a: Hatterene|0 fnt","|faint|p2a: Hatterene","|","|upkeep","|","|switch|p2a: Cinderace|Cinderace, F|301\/301","|turn|5","|","|switch|p1a: Rotom|Rotom-Heat|304\/304","|move|p2a: Cinderace|Pyro Ball|p1a: Rotom","|-resisted|p1a: Rotom","|-crit|p1a: Rotom","|-damage|p1a: Rotom|114\/304","|","|upkeep","|turn|6","|","|move|p2a: Cinderace|Pyro Ball|p1a: Rotom","|-resisted|p1a: Rotom","|-damage|p1a: Rotom|0 fnt","|faint|p1a: Rotom","|","|upkeep","|","|switch|p1a: Grimmsnarl|Grimmsnarl, M|394\/394","|turn|7","|","|move|p1a: Grimmsnarl|Bulk Up|p1a: Grimmsnarl","|-boost|p1a: Grimmsnarl|atk|1","|-boost|p1a: Grimmsnarl|def|1","|move|p2a: Cinderace|Pyro Ball|p1a: Grimmsnarl","|-damage|p1a: Grimmsnarl|99\/394","|","|-heal|p1a: Grimmsnarl|123\/394|[from] item: Leftovers","|upkeep","|turn|8","|","|move|p1a: Grimmsnarl|Sucker Punch|p2a: Cinderace","|-damage|p2a: Cinderace|103\/301","|move|p2a: Cinderace|Pyro Ball|p1a: Grimmsnarl","|-damage|p1a: Grimmsnarl|0 fnt","|faint|p1a: Grimmsnarl","|","|upkeep","|","|switch|p1a: Darmanitan|Darmanitan-Galar, M|351\/351","|turn|9","|","|move|p1a: Darmanitan|Earthquake|p2a: Cinderace","|-supereffective|p2a: Cinderace","|-damage|p2a: Cinderace|0 fnt","|faint|p2a: Cinderace","|","|upkeep","|","|switch|p2a: Gyarados|Gyarados, F|331\/331","|-ability|p2a: Gyarados|Intimidate|boost","|-unboost|p1a: Darmanitan|atk|1","|turn|10","|","|switch|p1a: Ferrothorn|Ferrothorn, M|352\/352","|move|p2a: Gyarados|Dragon Dance|p2a: Gyarados","|-boost|p2a: Gyarados|atk|1","|-boost|p2a: Gyarados|spe|1","|","|upkeep","|turn|11","|","|move|p2a: Gyarados|Dragon Dance|p2a: Gyarados","|-boost|p2a: Gyarados|atk|1","|-boost|p2a: Gyarados|spe|1","|move|p1a: Ferrothorn|Leech Seed|p2a: Gyarados","|-start|p2a: Gyarados|move: Leech Seed","|","|-damage|p2a: Gyarados|290\/331|[from] Leech Seed|[of] p1a: Ferrothorn","|upkeep","|turn|12","|","|move|p2a: Gyarados|Dragon Dance|p2a: Gyarados","|-boost|p2a: Gyarados|atk|1","|-boost|p2a: Gyarados|spe|1","|move|p1a: Ferrothorn|Gyro Ball|p2a: Gyarados","|-resisted|p2a: Gyarados","|-damage|p2a: Gyarados|187\/331","|","|-damage|p2a: Gyarados|146\/331|[from] Leech Seed|[of] p1a: Ferrothorn","|upkeep","|turn|13","|","|move|p1a: Ferrothorn|Protect|p1a: Ferrothorn","|-singleturn|p1a: Ferrothorn|Protect","|move|p2a: Gyarados|Earthquake|p1a: Ferrothorn","|-activate|p1a: Ferrothorn|move: Protect","|","|-damage|p2a: Gyarados|105\/331|[from] Leech Seed|[of] p1a: Ferrothorn","|upkeep","|turn|14","|","|move|p2a: Gyarados|Earthquake|p1a: Ferrothorn","|-damage|p1a: Ferrothorn|109\/352","|-damage|p2a: Gyarados|72\/331|[from] item: Life Orb","|move|p1a: Ferrothorn|Gyro Ball|p2a: Gyarados","|-resisted|p2a: Gyarados","|-damage|p2a: Gyarados|0 fnt","|faint|p2a: Gyarados","|","|-heal|p1a: Ferrothorn|131\/352|[from] item: Leftovers","|upkeep","|","|switch|p2a: Dugtrio|Dugtrio, F|211\/211","|turn|15","|","|move|p1a: Ferrothorn|Protect|p1a: Ferrothorn","|-singleturn|p1a: Ferrothorn|Protect","|move|p2a: Dugtrio|Earthquake|p1a: Ferrothorn","|-activate|p1a: Ferrothorn|move: Protect","|","|-heal|p1a: Ferrothorn|153\/352|[from] item: Leftovers","|upkeep","|turn|16","|","|switch|p2a: Dracozolt|Dracozolt|321\/321","|move|p1a: Ferrothorn|Leech Seed|p2a: Dracozolt|[miss]","|-miss|p1a: Ferrothorn|p2a: Dracozolt","|","|-heal|p1a: Ferrothorn|175\/352|[from] item: Leftovers","|upkeep","|turn|17","|","|move|p2a: Dracozolt|Bolt Beak|p1a: Ferrothorn","|-resisted|p1a: Ferrothorn","|-damage|p1a: Ferrothorn|51\/352","|-damage|p2a: Dracozolt|281\/321|[from] ability: Iron Barbs|[of] p1a: Ferrothorn","|move|p1a: Ferrothorn|Leech Seed|p2a: Dracozolt","|-start|p2a: Dracozolt|move: Leech Seed","|","|-heal|p1a: Ferrothorn|73\/352|[from] item: Leftovers","|-damage|p2a: Dracozolt|241\/321|[from] Leech Seed|[of] p1a: Ferrothorn","|-heal|p1a: Ferrothorn|113\/352|[silent]","|upkeep","|turn|18","|","|switch|p2a: Dragapult|Dragapult, F|317\/317","|move|p1a: Ferrothorn|Protect||[still]","|-fail|p1a: Ferrothorn","|","|-heal|p1a: Ferrothorn|135\/352|[from] item: Leftovers","|upkeep","|turn|19","|","|switch|p1a: Mandibuzz|Mandibuzz, F|424\/424","|move|p2a: Dragapult|Dragon Dance|p2a: Dragapult","|-boost|p2a: Dragapult|atk|1","|-boost|p2a: Dragapult|spe|1","|","|upkeep","|turn|20","|","|move|p2a: Dragapult|Dragon Darts|p1a: Mandibuzz","|-damage|p1a: Mandibuzz|282\/424","|-damage|p1a: Mandibuzz|126\/424","|-hitcount|p1a: Mandibuzz|2","|-damage|p2a: Dragapult|286\/317|[from] item: Life Orb","|move|p1a: Mandibuzz|Knock Off|p2a: Dragapult","|-supereffective|p2a: Dragapult","|-damage|p2a: Dragapult|74\/317","|-enditem|p2a: Dragapult|Life Orb|[from] move: Knock Off|[of] p1a: Mandibuzz","|","|upkeep","|turn|21","|","|switch|p1a: Aegislash|Aegislash, M|268\/279 par","|move|p2a: Dragapult|Dragon Darts|p1a: Aegislash","|-resisted|p1a: Aegislash","|-damage|p1a: Aegislash|215\/279 par","|-resisted|p1a: Aegislash","|-damage|p1a: Aegislash|167\/279 par","|-hitcount|p1a: Aegislash|2","|","|upkeep","|turn|22","|","|cant|p1a: Aegislash|par","|move|p2a: Dragapult|Phantom Force||[still]","|-prepare|p2a: Dragapult|Phantom Force|p1a: Aegislash","|","|upkeep","|turn|23","|","|switch|p1a: Ferrothorn|Ferrothorn, M|135\/352","|move|p2a: Dragapult|Phantom Force|p1a: Ferrothorn|[from]lockedmove","|-damage|p1a: Ferrothorn|0 fnt","|-damage|p2a: Dragapult|35\/317|[from] ability: Iron Barbs|[of] p1a: Ferrothorn","|faint|p1a: Ferrothorn","|","|upkeep","|","|switch|p1a: Aegislash|Aegislash, M|167\/279 par","|turn|24","|","|-formechange|p1a: Aegislash|Aegislash-Blade||[from] ability: Stance Change","|move|p1a: Aegislash|Shadow Sneak|p2a: Dragapult","|-supereffective|p2a: Dragapult","|-damage|p2a: Dragapult|0 fnt","|faint|p2a: Dragapult","|","|upkeep","|","|switch|p2a: Dracozolt|Dracozolt|241\/321","|turn|25","|","|move|p1a: Aegislash|Shadow Sneak|p2a: Dracozolt","|-damage|p2a: Dracozolt|183\/321","|move|p2a: Dracozolt|Bolt Beak|p1a: Aegislash","|-damage|p1a: Aegislash|0 fnt","|faint|p1a: Aegislash","|","|upkeep","|","|switch|p1a: Darmanitan|Darmanitan-Galar, M|351\/351","|turn|26","|","|move|p1a: Darmanitan|Icicle Crash|p2a: Dracozolt","|-supereffective|p2a: Dracozolt","|-damage|p2a: Dracozolt|0 fnt","|faint|p2a: Dracozolt","|","|upkeep","|","|switch|p2a: Dugtrio|Dugtrio, F|211\/211","|turn|27","|","|move|p1a: Darmanitan|Icicle Crash|p2a: Dugtrio","|-supereffective|p2a: Dugtrio","|-enditem|p2a: Dugtrio|Focus Sash","|-damage|p2a: Dugtrio|1\/211","|cant|p2a: Dugtrio|flinch","|","|upkeep","|turn|28","|","|move|p1a: Darmanitan|Icicle Crash|p2a: Dugtrio","|-supereffective|p2a: Dugtrio","|-damage|p2a: Dugtrio|0 fnt","|faint|p2a: Dugtrio","|","|win|120849","|raw|120849's rating: 1290 &rarr; <strong>1311<\/strong><br \/>(+21 for winning)","|raw|10362's rating: 1244 &rarr; <strong>1222<\/strong><br \/>(-22 for losing)",""],"p1":"120849","p1rating":1290,"p1team":[{"ability":"prankster","evs":{"atk":32,"def":0,"hp":252,"spa":0,"spd":224,"spe":0},"gender":"M","happiness":160,"item":"leftovers","ivs":{"atk":31,"def":31,"hp":31,"spa":31,"spd":31,"spe":31},"level":100,"moves":["bulkup","darkestlariat","spiritbreak","suckerpunch"],"name":"Grimmsnarl","nature":"Adamant","species":"Grimmsnarl"},{"ability":"stancechange","evs":{"atk":0,"def":0,"hp":72,"spa":216,"spd":0,"spe":220},"gender":"M","happiness":160,"item":"choicespecs","ivs":{"atk":31,"def":31,"hp":31,"spa":31,"spd":31,"spe":31},"level":100,"moves":["shadowball","flashcannon","steelbeam","shadowsneak"],"name":"Aegislash","nature":"Modest","species":"Aegislash"},{"ability":"levitate","evs":{"atk":0,"def":88,"hp":252,"spa":0,"spd":0,"spe":168},"gender":"N","happiness":160,"item":"heavydutyboots","ivs":{"atk":0,"def":31,"hp":31,"spa":31,"spd":31,"spe":31},"level":100,"moves":["nastyplot","voltswitch","overheat","willowisp"],"name":"Rotom","nature":"Timid","species":"rotomheat"},{"ability":"ironbarbs","evs":{"atk":0,"def":168,"hp":252,"spa":0,"spd":88,"spe":0},"gender":"M","happiness":160,"item":"leftovers","ivs":{"atk":31,"def":31,"hp":31,"spa":31,"spd":31,"spe":0},"level":100,"moves":["stealthrock","leechseed","protect","gyroball"],"name":"Ferrothorn","nature":"Impish","species":"Ferrothorn"},{"ability":"overcoat","evs":{"atk":0,"def":108,"hp":252,"spa":0,"spd":148,"spe":0},"gender":"F","happiness":160,"item":"heavydutyboots","ivs":{"atk":31,"def":31,"hp":31,"spa":31,"spd":31,"spe":31},"level":100,"moves":["defog","knockoff","uturn","roost"],"name":"Mandibuzz","nature":"Careful","species":"Mandibuzz"},{"ability":"gorillatactics","evs":{"atk":252,"def":0,"hp":0,"spa":0,"spd":4,"spe":252},"gender":"M","happiness":160,"item":"choicescarf","ivs":{"atk":31,"def":31,"hp":31,"spa":31,"spd":31,"spe":31},"level":100,"moves":["iciclecrash","flareblitz","earthquake","uturn"],"name":"Darmanitan","nature":"Jolly","species":"darmanitangalar"}],"p2":"10362","p2rating":1244,"p2team":[{"ability":"blaze","evs":{"atk":252,"def":0,"hp":0,"spa":0,"spd":4,"spe":252},"happiness":160,"item":"choiceband","ivs":{"atk":31,"def":31,"hp":31,"spa":31,"spd":31,"spe":31},"level":100,"moves":["pyroball","courtchange","suckerpunch","uturn"],"name":"Cinderace","nature":"Jolly","species":"Cinderace"},{"ability":"infiltrator","evs":{"atk":252,"def":0,"hp":0,"spa":0,"spd":4,"spe":252},"happiness":160,"item":"lifeorb","ivs":{"atk":31,"def":31,"hp":31,"spa":31,"spd":31,"spe":31},"level":100,"moves":["dragondarts","dragondance","psychicfangs","phantomforce"],"name":"Dragapult","nature":"Adamant","species":"Dragapult"},{"ability":"arenatrap","evs":{"atk":252,"def":0,"hp":0,"spa":0,"spd":4,"spe":252},"happiness":160,"item":"focussash","ivs":{"atk":31,"def":31,"hp":31,"spa":31,"spd":31,"spe":31},"level":100,"moves":["stealthrock","stoneedge","reversal","earthquake"],"name":"Dugtrio","nature":"Jolly","species":"Dugtrio"},{"ability":"hustle","evs":{"atk":252,"def":0,"hp":0,"spa":0,"spd":4,"spe":252},"gender":"N","happiness":160,"item":"choicescarf","ivs":{"atk":31,"def":31,"hp":31,"spa":31,"spd":31,"spe":31},"level":100,"moves":["boltbeak","earthquake","outrage","stoneedge"],"name":"Dracozolt","nature":"Jolly","species":"Dracozolt"},{"ability":"intimidate","evs":{"atk":252,"def":0,"hp":0,"spa":0,"spd":4,"spe":252},"happiness":160,"item":"lifeorb","ivs":{"atk":31,"def":31,"hp":31,"spa":31,"spd":31,"spe":31},"level":100,"moves":["earthquake","waterfall","powerwhip","dragondance"],"name":"Gyarados","nature":"Adamant","species":"Gyarados"},{"ability":"magicbounce","evs":{"atk":4,"def":0,"hp":252,"spa":252,"spd":0,"spe":0},"gender":"F","happiness":160,"item":"leftovers","ivs":{"atk":31,"def":31,"hp":31,"spa":31,"spd":31,"spe":31},"level":100,"moves":["calmmind","drainingkiss","nuzzle","psyshock"],"name":"Hatterene","nature":"Quiet","species":"Hatterene"}],"roomid":1020485,"score":[2,0],"seed":[18061,25484,61663,2591],"timestamp":"Sat Dec 28 2019 08:XX","turns":28,"winner":"120849","rated_battle":true,"average_rating":1267}