{"endType":"forfeit","format":"gen8ou","inputLog":[">version aa9f8c6b9cf4eca780a1296832ecd3b0009641e0",">version-origin 5e8529faaa5905c5f8e15eafaaefa806ee8c7d06",">start {\"formatid\":\"gen8ou\",\"seed\":[17586,26764,39848,14087],\"rated\":\"Rated battle\"}",">player p1 {\"\"name\":\"33707\",\"rating\":1362}",">player p2 {\"\"name\":\"48345\",\"rating\":1378}",">p1 team 4, 2, 3, 1, 5, 6",">p2 team 2, 1, 3, 4, 5, 6",">p1 move stealthrock",">p2 move stealthrock",">p1 move protect",">p2 switch 2",">p1 switch 6",">p2 move willowisp",">p1 move cottonguard",">p2 move taunt",">p1 move rapidspin",">p2 move hex",">p1 switch 2",">p2 move hex",">p1 move toxic",">p2 move hex",">p1 move protect",">p2 move hex",">p1 move substitute",">p2 move hex",">p1 move protect",">p2 switch 5",">p1 move protect",">p2 move shadowball",">p1 switch 5",">p2 move shadowball",">p1 move scald",">p2 move shadowball",">p1 move banefulbunker",">p2 move shadowball",">p1 switch 4",">p2 move shadowball",">p1 move recover",">p2 move shadowball",">p1 switch 2",">p1 move leechseed",">p2 move shadowball",">p1 switch 4",">p2 move shadowball",">p1 move banefulbunker",">p2 switch 3",">p1 move toxicspikes",">p2 move spikes",">p1 switch 3",">p2 move spikes",">p1 move substitute",">p2 move protect",">p1 move dragondance",">p2 switch 6",">p1 move phantomforce",">p2 move bravebird",">p1 move phantomforce",">p2 move bravebird",">p1 move phantomforce",">p2 move roost",">p1 move phantomforce",">p2 move bravebird",">p1 switch 4",">p1 move rapidspin",">p2 move roost",">p1 move cottonguard",">p2 switch 6",">p1 switch 5",">p2 move spikes",">p1 move substitute",">p2 switch 3",">p1 move protect",">p2 move thunderbolt",">p1 move protect",">p2 switch 2",">p1 move protect",">p2 move rapidspin",">p1 move flamethrower",">p2 move rapidspin",">p2 switch 2",">p1 move protect",">p2 move shadowball",">p2 switch 6",">p1 move flamethrower",">p2 switch 5",">p1 move protect",">p2 move hex",">p1 move flamethrower",">p2 move hex",">p1 move substitute",">p2 move strengthsap",">p2 switch 4",">p1 move flamethrower",">p2 move uturn",">p2 switch 3",">p2 switch 3",">p1 move substitute",">p2 move uturn"],"log":["|j|\u260633707","|j|\u260648345","|player|p1|33707|266|1362","|player|p2|48345|265|1378","|teamsize|p1|6","|teamsize|p2|6","|gametype|singles","|gen|8","|tier|[Gen 8] OU","|rated|","|rule|Sleep Clause Mod: Limit one foe put to sleep","|rule|Species Clause: Limit one of each Pok\u00e9mon","|rule|OHKO Clause: OHKO moves are banned","|rule|Evasion Moves Clause: Evasion moves are banned","|rule|Endless Battle Clause: Forcing endless battles is banned","|rule|HP Percentage Mod: HP is shown in percentages","|clearpoke","|poke|p1|Pyukumuku, F|","|poke|p1|Salazzle, F|","|poke|p1|Dragapult, F|","|poke|p1|Corsola-Galar, F|","|poke|p1|Toxapex, F|","|poke|p1|Eldegoss, F|","|poke|p2|Jellicent, F|","|poke|p2|Excadrill, F|","|poke|p2|Ferrothorn, F|","|poke|p2|Darmanitan-Galar, F|","|poke|p2|Dragapult, M|","|poke|p2|Corviknight, F|","|rule|Dynamax Clause: You cannot dynamax","|teampreview","|","|start","|switch|p1a: Corsola|Corsola-Galar, F|324\/324","|switch|p2a: Hans Topo|Excadrill, F|361\/361","|-ability|p2a: Hans Topo|Mold Breaker","|turn|1","|","|move|p2a: Hans Topo|Stealth Rock|p1a: Corsola","|-sidestart33707|move: Stealth Rock","|move|p1a: Corsola|Stealth Rock|p2a: Hans Topo","|-sidestart48345|move: Stealth Rock","|","|upkeep","|turn|2","|","|switch|p2a: Mr. Pringles|Jellicent, F|403\/403","|-damage|p2a: Mr. Pringles|353\/403|[from] Stealth Rock","|move|p1a: Corsola|Protect||[still]","|-fail|p1a: Corsola","|","|-heal|p2a: Mr. Pringles|378\/403|[from] item: Leftovers","|upkeep","|turn|3","|","|switch|p1a: Eldegoss|Eldegoss, F|324\/324","|-damage|p1a: Eldegoss|284\/324|[from] Stealth Rock","|move|p2a: Mr. Pringles|Will-O-Wisp|p1a: Eldegoss","|-status|p1a: Eldegoss|brn","|","|-heal|p2a: Mr. Pringles|403\/403|[from] item: Leftovers","|-heal|p1a: Eldegoss|304\/324 brn|[from] item: Leftovers","|-damage|p1a: Eldegoss|284\/324 brn|[from] brn","|upkeep","|turn|4","|","|move|p2a: Mr. Pringles|Taunt|p1a: Eldegoss","|-start|p1a: Eldegoss|move: Taunt","|cant|p1a: Eldegoss|move: Taunt|Cotton Guard","|","|-heal|p1a: Eldegoss|304\/324 brn|[from] item: Leftovers","|-damage|p1a: Eldegoss|284\/324 brn|[from] brn","|upkeep","|turn|5","|","|move|p1a: Eldegoss|Rapid Spin|p2a: Mr. Pringles","|-immune|p2a: Mr. Pringles","|move|p2a: Mr. Pringles|Hex|p1a: Eldegoss","|-damage|p1a: Eldegoss|160\/324 brn","|","|-heal|p1a: Eldegoss|180\/324 brn|[from] item: Leftovers","|-damage|p1a: Eldegoss|160\/324 brn|[from] brn","|upkeep","|turn|6","|","|switch|p1a: Salazzle|Salazzle, F|339\/339","|-damage|p1a: Salazzle|255\/339|[from] Stealth Rock","|move|p2a: Mr. Pringles|Hex|p1a: Salazzle","|-damage|p1a: Salazzle|158\/339","|","|-heal|p1a: Salazzle|179\/339|[from] item: Black Sludge","|upkeep","|turn|7","|","|move|p1a: Salazzle|Toxic|p2a: Mr. Pringles","|-status|p2a: Mr. Pringles|tox","|move|p2a: Mr. Pringles|Hex|p1a: Salazzle","|-damage|p1a: Salazzle|76\/339","|","|-heal|p1a: Salazzle|97\/339|[from] item: Black Sludge","|-damage|p2a: Mr. Pringles|378\/403 tox|[from] psn","|upkeep","|turn|8","|","|move|p1a: Salazzle|Protect|p1a: Salazzle","|-singleturn|p1a: Salazzle|Protect","|move|p2a: Mr. Pringles|Hex|p1a: Salazzle","|-activate|p1a: Salazzle|move: Protect","|","|-heal|p1a: Salazzle|118\/339|[from] item: Black Sludge","|-heal|p2a: Mr. Pringles|403\/403 tox|[from] item: Leftovers","|-damage|p2a: Mr. Pringles|353\/403 tox|[from] psn","|upkeep","|turn|9","|","|move|p1a: Salazzle|Substitute|p1a: Salazzle","|-start|p1a: Salazzle|Substitute","|-damage|p1a: Salazzle|34\/339","|move|p2a: Mr. Pringles|Hex|p1a: Salazzle","|-end|p1a: Salazzle|Substitute","|","|-heal|p1a: Salazzle|55\/339|[from] item: Black Sludge","|-heal|p2a: Mr. Pringles|378\/403 tox|[from] item: Leftovers","|-damage|p2a: Mr. Pringles|303\/403 tox|[from] psn","|upkeep","|turn|10","|","|switch|p2a: Bad Parents|Dragapult, M|317\/317","|-damage|p2a: Bad Parents|278\/317|[from] Stealth Rock","|move|p1a: Salazzle|Protect||[still]","|-fail|p1a: Salazzle","|","|-heal|p1a: Salazzle|76\/339|[from] item: Black Sludge","|upkeep","|turn|11","|","|move|p1a: Salazzle|Protect|p1a: Salazzle","|-singleturn|p1a: Salazzle|Protect","|move|p2a: Bad Parents|Shadow Ball|p1a: Salazzle","|-activate|p1a: Salazzle|move: Protect","|","|-heal|p1a: Salazzle|97\/339|[from] item: Black Sludge","|upkeep","|turn|12","|","|switch|p1a: Toxapex|Toxapex, F|303\/303","|-damage|p1a: Toxapex|266\/303|[from] Stealth Rock","|move|p2a: Bad Parents|Shadow Ball|p1a: Toxapex","|-damage|p1a: Toxapex|157\/303","|","|-heal|p1a: Toxapex|175\/303|[from] item: Black Sludge","|upkeep","|turn|13","|","|move|p2a: Bad Parents|Shadow Ball|p1a: Toxapex","|-damage|p1a: Toxapex|58\/303","|move|p1a: Toxapex|Scald|p2a: Bad Parents","|-resisted|p2a: Bad Parents","|-damage|p2a: Bad Parents|242\/317","|","|-heal|p1a: Toxapex|76\/303|[from] item: Black Sludge","|upkeep","|turn|14","|","|move|p1a: Toxapex|Baneful Bunker|p1a: Toxapex","|-singleturn|p1a: Toxapex|move: Protect","|move|p2a: Bad Parents|Shadow Ball|p1a: Toxapex","|-activate|p1a: Toxapex|move: Protect","|","|-heal|p1a: Toxapex|94\/303|[from] item: Black Sludge","|upkeep","|turn|15","|","|switch|p1a: Pyukumuku|Pyukumuku, F|314\/314","|-damage|p1a: Pyukumuku|275\/314|[from] Stealth Rock","|move|p2a: Bad Parents|Shadow Ball|p1a: Pyukumuku","|-damage|p1a: Pyukumuku|137\/314","|","|upkeep","|turn|16","|","|move|p2a: Bad Parents|Shadow Ball|p1a: Pyukumuku","|-damage|p1a: Pyukumuku|0 fnt","|faint|p1a: Pyukumuku","|","|upkeep","|","|switch|p1a: Eldegoss|Eldegoss, F|268\/324 brn","|-damage|p1a: Eldegoss|228\/324 brn|[from] Stealth Rock","|turn|17","|","|move|p2a: Bad Parents|Shadow Ball|p1a: Eldegoss","|-damage|p1a: Eldegoss|86\/324 brn","|move|p1a: Eldegoss|Leech Seed|p2a: Bad Parents","|-start|p2a: Bad Parents|move: Leech Seed","|","|-heal|p1a: Eldegoss|106\/324 brn|[from] item: Leftovers","|-damage|p2a: Bad Parents|203\/317|[from] Leech Seed|[of] p1a: Eldegoss","|-heal|p1a: Eldegoss|145\/324 brn|[silent]","|-damage|p1a: Eldegoss|125\/324 brn|[from] brn","|upkeep","|turn|18","|","|switch|p1a: Toxapex|Toxapex, F|195\/303","|-damage|p1a: Toxapex|158\/303|[from] Stealth Rock","|move|p2a: Bad Parents|Shadow Ball|p1a: Toxapex","|-damage|p1a: Toxapex|38\/303","|","|-heal|p1a: Toxapex|56\/303|[from] item: Black Sludge","|-damage|p2a: Bad Parents|164\/317|[from] Leech Seed|[of] p1a: Toxapex","|-heal|p1a: Toxapex|95\/303|[silent]","|upkeep","|turn|19","|","|switch|p2a: Pinchito 4 U|Ferrothorn, F|352\/352","|-damage|p2a: Pinchito 4 U|330\/352|[from] Stealth Rock","|move|p1a: Toxapex|Baneful Bunker||[still]","|-fail|p1a: Toxapex","|","|-heal|p1a: Toxapex|113\/303|[from] item: Black Sludge","|-heal|p2a: Pinchito 4 U|352\/352|[from] item: Leftovers","|upkeep","|turn|20","|","|move|p1a: Toxapex|Toxic Spikes|p2a: Pinchito 4 U","|-sidestart48345|move: Toxic Spikes","|move|p2a: Pinchito 4 U|Spikes|p1a: Toxapex","|-sidestart33707|Spikes","|","|-heal|p1a: Toxapex|131\/303|[from] item: Black Sludge","|upkeep","|turn|21","|","|switch|p1a: Dragapult|Dragapult, F|317\/317","|-damage|p1a: Dragapult|278\/317|[from] Stealth Rock","|-damage|p1a: Dragapult|239\/317|[from] Spikes","|move|p2a: Pinchito 4 U|Spikes|p1a: Dragapult","|-sidestart33707|Spikes","|","|upkeep","|turn|22","|","|move|p2a: Pinchito 4 U|Protect|p2a: Pinchito 4 U","|-singleturn|p2a: Pinchito 4 U|Protect","|move|p1a: Dragapult|Substitute|p1a: Dragapult","|-start|p1a: Dragapult|Substitute","|-damage|p1a: Dragapult|160\/317","|","|upkeep","|turn|23","|","|switch|p2a: Artorias|Corviknight, F|400\/400","|-damage|p2a: Artorias|350\/400|[from] Stealth Rock","|-ability|p2a: Artorias|Pressure","|move|p1a: Dragapult|Dragon Dance|p1a: Dragapult","|-boost|p1a: Dragapult|atk|1","|-boost|p1a: Dragapult|spe|1","|","|-heal|p2a: Artorias|375\/400|[from] item: Leftovers","|upkeep","|turn|24","|","|move|p1a: Dragapult|Phantom Force||[still]","|-prepare|p1a: Dragapult|Phantom Force|p2a: Artorias","|move|p2a: Artorias|Brave Bird|p1a: Dragapult|[miss]","|-miss|p2a: Artorias|p1a: Dragapult","|","|-heal|p2a: Artorias|400\/400|[from] item: Leftovers","|upkeep","|turn|25","|","|move|p1a: Dragapult|Phantom Force|p2a: Artorias|[from]lockedmove","|-damage|p2a: Artorias|169\/400","|move|p2a: Artorias|Brave Bird|p1a: Dragapult","|-end|p1a: Dragapult|Substitute","|-damage|p2a: Artorias|143\/400|[from] Recoil|[of] p1a: Dragapult","|","|-heal|p2a: Artorias|168\/400|[from] item: Leftovers","|upkeep","|turn|26","|","|move|p1a: Dragapult|Phantom Force||[still]","|-prepare|p1a: Dragapult|Phantom Force|p2a: Artorias","|move|p2a: Artorias|Roost|p2a: Artorias","|-heal|p2a: Artorias|368\/400","|-singleturn|p2a: Artorias|move: Roost","|","|-heal|p2a: Artorias|393\/400|[from] item: Leftovers","|upkeep","|turn|27","|","|move|p1a: Dragapult|Phantom Force|p2a: Artorias|[from]lockedmove","|-damage|p2a: Artorias|144\/400","|move|p2a: Artorias|Brave Bird|p1a: Dragapult","|-damage|p1a: Dragapult|0 fnt","|-damage|p2a: Artorias|91\/400|[from] Recoil","|faint|p1a: Dragapult","|","|-heal|p2a: Artorias|116\/400|[from] item: Leftovers","|upkeep","|","|switch|p1a: Eldegoss|Eldegoss, F|233\/324 brn","|-damage|p1a: Eldegoss|193\/324 brn|[from] Stealth Rock","|-damage|p1a: Eldegoss|139\/324 brn|[from] Spikes","|turn|28","|","|move|p2a: Artorias|Roost|p2a: Artorias","|-heal|p2a: Artorias|316\/400","|-singleturn|p2a: Artorias|move: Roost","|move|p1a: Eldegoss|Rapid Spin|p2a: Artorias","|-resisted|p2a: Artorias","|-damage|p2a: Artorias|312\/400","|-sideend33707|Spikes|[from] move: Rapid Spin|[of] p1a: Eldegoss","|-sideend33707|Stealth Rock|[from] move: Rapid Spin|[of] p1a: Eldegoss","|-boost|p1a: Eldegoss|spe|1","|","|-heal|p1a: Eldegoss|159\/324 brn|[from] item: Leftovers","|-heal|p2a: Artorias|337\/400|[from] item: Leftovers","|-damage|p1a: Eldegoss|139\/324 brn|[from] brn","|upkeep","|turn|29","|","|switch|p2a: Pinchito 4 U|Ferrothorn, F|352\/352","|-damage|p2a: Pinchito 4 U|330\/352|[from] Stealth Rock","|move|p1a: Eldegoss|Cotton Guard|p1a: Eldegoss","|-boost|p1a: Eldegoss|def|3","|","|-heal|p1a: Eldegoss|159\/324 brn|[from] item: Leftovers","|-heal|p2a: Pinchito 4 U|352\/352|[from] item: Leftovers","|-damage|p1a: Eldegoss|139\/324 brn|[from] brn","|upkeep","|turn|30","|","|switch|p1a: Salazzle|Salazzle, F|97\/339","|move|p2a: Pinchito 4 U|Spikes|p1a: Salazzle","|-sidestart33707|Spikes","|","|-heal|p1a: Salazzle|118\/339|[from] item: Black Sludge","|upkeep","|turn|31","|","|switch|p2a: Bad Parents|Dragapult, M|164\/317","|-damage|p2a: Bad Parents|125\/317|[from] Stealth Rock","|-status|p2a: Bad Parents|psn","|move|p1a: Salazzle|Substitute|p1a: Salazzle","|-start|p1a: Salazzle|Substitute","|-damage|p1a: Salazzle|34\/339","|","|-heal|p1a: Salazzle|55\/339|[from] item: Black Sludge","|-damage|p2a: Bad Parents|86\/317 psn|[from] psn","|upkeep","|turn|32","|","|move|p1a: Salazzle|Protect|p1a: Salazzle","|-singleturn|p1a: Salazzle|Protect","|move|p2a: Bad Parents|Thunderbolt|p1a: Salazzle","|-activate|p1a: Salazzle|move: Protect","|","|-heal|p1a: Salazzle|76\/339|[from] item: Black Sludge","|-damage|p2a: Bad Parents|47\/317 psn|[from] psn","|upkeep","|turn|33","|","|switch|p2a: Hans Topo|Excadrill, F|361\/361","|-damage|p2a: Hans Topo|350\/361|[from] Stealth Rock","|-ability|p2a: Hans Topo|Mold Breaker","|move|p1a: Salazzle|Protect||[still]","|-fail|p1a: Salazzle","|","|-heal|p1a: Salazzle|97\/339|[from] item: Black Sludge","|upkeep","|turn|34","|","|move|p1a: Salazzle|Protect|p1a: Salazzle","|-singleturn|p1a: Salazzle|Protect","|move|p2a: Hans Topo|Rapid Spin|p1a: Salazzle","|-activate|p1a: Salazzle|move: Protect","|","|-heal|p1a: Salazzle|118\/339|[from] item: Black Sludge","|upkeep","|turn|35","|","|move|p1a: Salazzle|Flamethrower|p2a: Hans Topo","|-supereffective|p2a: Hans Topo","|-damage|p2a: Hans Topo|0 fnt","|faint|p2a: Hans Topo","|","|-heal|p1a: Salazzle|139\/339|[from] item: Black Sludge","|upkeep","|","|switch|p2a: Bad Parents|Dragapult, M|47\/317 psn","|-damage|p2a: Bad Parents|8\/317 psn|[from] Stealth Rock","|turn|36","|","|move|p1a: Salazzle|Protect|p1a: Salazzle","|-singleturn|p1a: Salazzle|Protect","|move|p2a: Bad Parents|Shadow Ball|p1a: Salazzle","|-activate|p1a: Salazzle|move: Protect","|","|-heal|p1a: Salazzle|160\/339|[from] item: Black Sludge","|-damage|p2a: Bad Parents|0 fnt|[from] psn","|faint|p2a: Bad Parents","|upkeep","|","|switch|p2a: Artorias|Corviknight, F|337\/400","|-damage|p2a: Artorias|287\/400|[from] Stealth Rock","|-ability|p2a: Artorias|Pressure","|turn|37","|","|switch|p2a: Mr. Pringles|Jellicent, F|303\/403 tox","|-damage|p2a: Mr. Pringles|253\/403 tox|[from] Stealth Rock","|move|p1a: Salazzle|Flamethrower|p2a: Mr. Pringles","|-resisted|p2a: Mr. Pringles","|-damage|p2a: Mr. Pringles|196\/403 tox","|","|-heal|p1a: Salazzle|181\/339|[from] item: Black Sludge","|-heal|p2a: Mr. Pringles|221\/403 tox|[from] item: Leftovers","|-damage|p2a: Mr. Pringles|196\/403 tox|[from] psn","|upkeep","|turn|38","|","|move|p1a: Salazzle|Protect|p1a: Salazzle","|-singleturn|p1a: Salazzle|Protect","|move|p2a: Mr. Pringles|Hex|p1a: Salazzle","|-activate|p1a: Salazzle|move: Protect","|","|-heal|p1a: Salazzle|202\/339|[from] item: Black Sludge","|-heal|p2a: Mr. Pringles|221\/403 tox|[from] item: Leftovers","|-damage|p2a: Mr. Pringles|171\/403 tox|[from] psn","|upkeep","|turn|39","|","|move|p1a: Salazzle|Flamethrower|p2a: Mr. Pringles","|-resisted|p2a: Mr. Pringles","|-damage|p2a: Mr. Pringles|111\/403 tox","|move|p2a: Mr. Pringles|Hex|p1a: Salazzle","|-end|p1a: Salazzle|Substitute","|","|-heal|p1a: Salazzle|223\/339|[from] item: Black Sludge","|-heal|p2a: Mr. Pringles|136\/403 tox|[from] item: Leftovers","|-damage|p2a: Mr. Pringles|61\/403 tox|[from] psn","|upkeep","|turn|40","|","|move|p1a: Salazzle|Substitute|p1a: Salazzle","|-start|p1a: Salazzle|Substitute","|-damage|p1a: Salazzle|139\/339","|move|p2a: Mr. Pringles|Strength Sap||[still]","|-fail|p2a: Mr. Pringles","|","|-heal|p1a: Salazzle|160\/339|[from] item: Black Sludge","|-heal|p2a: Mr. Pringles|86\/403 tox|[from] item: Leftovers","|-damage|p2a: Mr. Pringles|0 fnt|[from] psn","|faint|p2a: Mr. Pringles","|upkeep","|","|switch|p2a: Yeti TLOZTP|Darmanitan-Galar, F|351\/351","|-damage|p2a: Yeti TLOZTP|264\/351|[from] Stealth Rock","|-status|p2a: Yeti TLOZTP|psn","|turn|41","|","|move|p2a: Yeti TLOZTP|U-turn|p1a: Salazzle","|-resisted|p1a: Salazzle","|-activate|p1a: Salazzle|move: Substitute|[damage]","|","|switch|p2a: Pinchito 4 U|Ferrothorn, F|352\/352","|-damage|p2a: Pinchito 4 U|330\/352|[from] Stealth Rock","|move|p1a: Salazzle|Flamethrower|p2a: Pinchito 4 U","|-supereffective|p2a: Pinchito 4 U","|-damage|p2a: Pinchito 4 U|0 fnt","|faint|p2a: Pinchito 4 U","|","|-heal|p1a: Salazzle|181\/339|[from] item: Black Sludge","|upkeep","|","|switch|p2a: Yeti TLOZTP|Darmanitan-Galar, F|264\/351 psn","|-damage|p2a: Yeti TLOZTP|177\/351 psn|[from] Stealth Rock","|turn|42","|","|move|p2a: Yeti TLOZTP|U-turn|p1a: Salazzle","|-resisted|p1a: Salazzle","|-end|p1a: Salazzle|Substitute","|-message|48345 forfeited.","|","|win|33707","|l|\u260648345","|raw|33707's rating: 1339 &rarr; <strong>1362<\/strong><br \/>(+23 for winning)","|raw|48345's rating: 1379 &rarr; <strong>1356<\/strong><br \/>(-23 for losing)",""],"p1":"33707","p1rating":1362,"p1team":[{"ability":"unaware","evs":{"atk":0,"def":252,"hp":252,"spa":0,"spd":4,"spe":0},"happiness":160,"item":"rockyhelmet","ivs":{"atk":0,"def":31,"hp":31,"spa":31,"spd":31,"spe":31},"level":100,"moves":["toxic","recover","soak","lightscreen"],"name":"Pyukumuku","nature":"Bold","species":"Pyukumuku"},{"ability":"corrosion","evs":{"atk":0,"def":0,"hp":248,"spa":0,"spd":8,"spe":252},"gender":"F","happiness":160,"item":"blacksludge","ivs":{"atk":0,"def":31,"hp":31,"spa":31,"spd":31,"spe":31},"level":100,"moves":["toxic","substitute","protect","flamethrower"],"name":"Salazzle","nature":"Timid","species":"Salazzle"},{"ability":"infiltrator","evs":{"atk":252,"def":0,"hp":0,"spa":0,"spd":4,"spe":252},"happiness":160,"item":"lumberry","ivs":{"atk":31,"def":31,"hp":31,"spa":31,"spd":31,"spe":31},"level":100,"moves":["substitute","dragondance","dragondarts","phantomforce"],"name":"Dragapult","nature":"Adamant","species":"Dragapult"},{"ability":"cursedbody","evs":{"atk":0,"def":4,"hp":252,"spa":0,"spd":252,"spe":0},"happiness":160,"item":"eviolite","ivs":{"atk":0,"def":31,"hp":31,"spa":31,"spd":31,"spe":31},"level":100,"moves":["stealthrock","strengthsap","protect","disable"],"name":"Corsola","nature":"Calm","species":"corsolagalar"},{"ability":"regenerator","evs":{"atk":0,"def":128,"hp":248,"spa":0,"spd":132,"spe":0},"happiness":160,"item":"blacksludge","ivs":{"atk":0,"def":31,"hp":31,"spa":31,"spd":31,"spe":31},"level":100,"moves":["toxicspikes","banefulbunker","recover","scald"],"name":"Toxapex","nature":"Bold","species":"Toxapex"},{"ability":"regenerator","evs":{"atk":0,"def":252,"hp":252,"spa":0,"spd":4,"spe":0},"happiness":160,"item":"leftovers","ivs":{"atk":0,"def":31,"hp":31,"spa":31,"spd":31,"spe":31},"level":100,"moves":["rapidspin","synthesis","leechseed","cottonguard"],"name":"Eldegoss","nature":"Bold","species":"Eldegoss"}],"p2":"48345","p2rating":1378,"p2team":[{"ability":"waterabsorb","evs":{"atk":0,"def":252,"hp":248,"spa":0,"spd":8,"spe":0},"happiness":160,"item":"leftovers","ivs":{"atk":0,"def":31,"hp":31,"spa":31,"spd":31,"spe":31},"level":100,"moves":["willowisp","strengthsap","hex","taunt"],"name":"Mr. Pringles","nature":"Bold","species":"jellicent"},{"ability":"moldbreaker","evs":{"atk":252,"def":4,"hp":0,"spa":0,"spd":0,"spe":252},"happiness":160,"item":"focussash","ivs":{"atk":31,"def":31,"hp":31,"spa":31,"spd":31,"spe":31},"level":100,"moves":["stealthrock","earthquake","ironhead","rapidspin"],"name":"Hans Topo","nature":"Jolly","species":"excadrill"},{"ability":"ironbarbs","evs":{"atk":0,"def":252,"hp":252,"spa":0,"spd":4,"spe":0},"happiness":160,"item":"leftovers","ivs":{"atk":31,"def":31,"hp":31,"spa":31,"spd":31,"spe":31},"level":100,"moves":["spikes","leechseed","powerwhip","protect"],"name":"Pinchito 4 U","nature":"Impish","species":"ferrothorn"},{"ability":"gorillatactics","evs":{"atk":252,"def":4,"hp":0,"spa":0,"spd":0,"spe":252},"happiness":160,"item":"choicescarf","ivs":{"atk":31,"def":31,"hp":31,"spa":31,"spd":31,"spe":31},"level":100,"moves":["uturn","iciclecrash","earthquake","flareblitz"],"name":"Yeti TLOZTP","nature":"Jolly","species":"darmanitangalar"},{"ability":"infiltrator","evs":{"atk":0,"def":4,"hp":0,"spa":252,"spd":0,"spe":252},"happiness":160,"item":"choicespecs","ivs":{"atk":0,"def":31,"hp":31,"spa":31,"spd":31,"spe":31},"level":100,"moves":["shadowball","dracometeor","fireblast","thunderbolt"],"name":"Bad Parents","nature":"Timid","species":"dragapult"},{"ability":"pressure","evs":{"atk":0,"def":32,"hp":252,"spa":0,"spd":136,"spe":88},"happiness":160,"item":"leftovers","ivs":{"atk":31,"def":31,"hp":31,"spa":31,"spd":31,"spe":31},"level":100,"moves":["bulkup","substitute","bravebird","roost"],"name":"Artorias","nature":"Careful","species":"corviknight"}],"roomid":1020772,"score":[4,2],"seed":[17586,26764,39848,14087],"timestamp":"Sat Dec 28 2019 16:XX","turns":42,"winner":"33707","rated_battle":true,"average_rating":1370}