{"endType":"forfeit","format":"gen8ou","inputLog":[">version aa9f8c6b9cf4eca780a1296832ecd3b0009641e0",">version-origin 5e8529faaa5905c5f8e15eafaaefa806ee8c7d06",">start {\"formatid\":\"gen8ou\",\"seed\":[54606,50768,16415,46273],\"rated\":\"Rated battle\"}",">player p1 {\"\"name\":\"144952\",\"rating\":1820}",">player p2 {\"\"name\":\"33808\",\"rating\":1687}",">p1 team 5, 2, 3, 4, 1, 6",">p2 team 6, 2, 3, 4, 5, 1"],"log":["|j|\u2606144952","|j|\u260633808","|player|p1|144952|261|1820","|player|p2|33808|257|1687","|teamsize|p1|6","|teamsize|p2|6","|gametype|singles","|gen|8","|tier|[Gen 8] OU","|rated|","|rule|Sleep Clause Mod: Limit one foe put to sleep","|rule|Species Clause: Limit one of each Pok\u00e9mon","|rule|OHKO Clause: OHKO moves are banned","|rule|Evasion Moves Clause: Evasion moves are banned","|rule|Endless Battle Clause: Forcing endless battles is banned","|rule|HP Percentage Mod: HP is shown in percentages","|clearpoke","|poke|p1|Toxapex, M|","|poke|p1|Chandelure, M|","|poke|p1|Dugtrio, M|","|poke|p1|Hatterene, F|","|poke|p1|Corviknight, M|","|poke|p1|Ditto|","|poke|p2|Hydreigon, F|","|poke|p2|Clefable, F|","|poke|p2|Toxtricity, M|","|poke|p2|Aegislash, M|","|poke|p2|Conkeldurr, F|","|poke|p2|Darmanitan-Galar, F|","|rule|Dynamax Clause: You cannot dynamax","|teampreview","|","|start","|switch|p1a: Condemnation Wings|Corviknight, M|399\/399","|switch|p2a: Inosuke|Darmanitan-Galar, F|351\/351","|turn|1","|l|\u260633808","|player|p2|","|j| dynamax etu","|-message|33808 lost due to inactivity.","|","|win|144952","|raw|144952's rating: 1820 &rarr; <strong>1833<\/strong><br \/>(+13 for winning)","|raw|33808's rating: 1687 &rarr; <strong>1674<\/strong><br \/>(-13 for losing)",""],"p1":"144952","p1rating":1820,"p1team":[{"ability":"regenerator","evs":{"atk":0,"def":216,"hp":248,"spa":0,"spd":44,"spe":0},"happiness":160,"item":"blacksludge","ivs":{"atk":0,"def":31,"hp":31,"spa":31,"spd":31,"spe":31},"level":100,"moves":["haze","recover","scald","toxic"],"name":"Thin red line.","nature":"Bold","shiny":true,"species":"toxapex"},{"ability":"infiltrator","evs":{"atk":0,"def":4,"hp":0,"spa":252,"spd":0,"spe":252},"happiness":160,"item":"choicespecs","ivs":{"atk":0,"def":31,"hp":31,"spa":31,"spd":31,"spe":31},"level":100,"moves":["psychic","energyball","fireblast","shadowball"],"name":"Spirit of fire.","nature":"Modest","shiny":true,"species":"chandelure"},{"ability":"arenatrap","evs":{"atk":252,"def":0,"hp":0,"spa":0,"spd":4,"spe":252},"happiness":160,"item":"focussash","ivs":{"atk":31,"def":31,"hp":31,"spa":31,"spd":31,"spe":31},"level":100,"moves":["reversal","suckerpunch","earthquake","stealthrock"],"name":"Jaeger.","nature":"Jolly","species":"dugtrio"},{"ability":"magicbounce","evs":{"atk":0,"def":0,"hp":248,"spa":208,"spd":0,"spe":52},"gender":"F","happiness":160,"item":"leftovers","ivs":{"atk":0,"def":31,"hp":31,"spa":31,"spd":31,"spe":31},"level":100,"moves":["psyshock","mysticalfire","calmmind","drainingkiss"],"name":"Walpurgisnacht.","nature":"Modest","species":"hatterene"},{"ability":"mirrorarmor","evs":{"atk":8,"def":0,"hp":248,"spa":0,"spd":252,"spe":0},"happiness":160,"item":"leftovers","ivs":{"atk":31,"def":31,"hp":31,"spa":31,"spd":31,"spe":30},"level":100,"moves":["defog","uturn","roost","ironhead"],"name":"Condemnation Wings","nature":"Careful","species":"Corviknight"},{"ability":"imposter","evs":{"atk":0,"def":0,"hp":252,"spa":0,"spd":0,"spe":252},"gender":"N","happiness":160,"item":"choicescarf","ivs":{"atk":0,"def":31,"hp":31,"spa":31,"spd":31,"spe":31},"level":100,"moves":["transform"],"name":"Blazblue.","nature":"Bashful","shiny":true,"species":"ditto"}],"p2":"33808","p2rating":1687,"p2team":[{"ability":"levitate","evs":{"atk":0,"def":0,"hp":0,"spa":252,"spd":4,"spe":252},"happiness":160,"item":"leftovers","ivs":{"atk":0,"def":31,"hp":31,"spa":31,"spd":31,"spe":31},"level":100,"moves":["nastyplot","darkpulse","fireblast","flashcannon"],"name":"Hydreigon","nature":"Timid","species":"Hydreigon"},{"ability":"magicguard","evs":{"atk":0,"def":0,"hp":196,"spa":252,"spd":0,"spe":60},"happiness":160,"item":"lifeorb","ivs":{"atk":0,"def":31,"hp":31,"spa":31,"spd":31,"spe":31},"level":100,"moves":["moonblast","flamethrower","thunderbolt","stealthrock"],"name":"Clefable","nature":"Modest","species":"Clefable"},{"ability":"punkrock","evs":{"atk":0,"def":0,"hp":0,"spa":252,"spd":4,"spe":252},"happiness":160,"item":"choicescarf","ivs":{"atk":0,"def":31,"hp":31,"spa":31,"spd":31,"spe":31},"level":100,"moves":["boomburst","overdrive","sludgewave","voltswitch"],"name":"Toxtricity","nature":"Timid","species":"Toxtricity"},{"ability":"stancechange","evs":{"atk":252,"def":0,"hp":252,"spa":0,"spd":4,"spe":0},"happiness":160,"item":"airballoon","ivs":{"atk":31,"def":31,"hp":31,"spa":31,"spd":31,"spe":31},"level":100,"moves":["shadowsneak","swordsdance","closecombat","ironhead"],"name":"Aegislash","nature":"Adamant","species":"Aegislash"},{"ability":"guts","evs":{"atk":252,"def":0,"hp":236,"spa":0,"spd":0,"spe":20},"happiness":160,"item":"flameorb","ivs":{"atk":31,"def":31,"hp":31,"spa":31,"spd":31,"spe":31},"level":100,"moves":["drainpunch","machpunch","earthquake","facade"],"name":"Conkeldurr","nature":"Adamant","species":"Conkeldurr"},{"ability":"gorillatactics","evs":{"atk":252,"def":0,"hp":0,"spa":0,"spd":4,"spe":252},"happiness":160,"item":"choiceband","ivs":{"atk":31,"def":31,"hp":31,"spa":31,"spd":31,"spe":31},"level":100,"moves":["uturn","earthquake","iciclecrash","flareblitz"],"name":"Inosuke","nature":"Jolly","species":"darmanitangalar"}],"roomid":1019694,"score":[6,6],"seed":[54606,50768,16415,46273],"timestamp":"Sat Dec 28 2019 10:XX","turns":1,"winner":"144952","rated_battle":true,"average_rating":1753}