{"endType":"normal","format":"gen8ou","inputLog":[">version aa9f8c6b9cf4eca780a1296832ecd3b0009641e0",">version-origin 5e8529faaa5905c5f8e15eafaaefa806ee8c7d06",">start {\"formatid\":\"gen8ou\",\"seed\":[36293,16914,61388,59290],\"rated\":\"Rated battle\"}",">player p1 {\"\"name\":\"120573\",\"rating\":1208}",">player p2 {\"\"name\":\"121521\",\"rating\":1234}",">p1 team 6, 2, 3, 4, 5, 1",">p2 team 3, 2, 1, 4, 5, 6",">p1 move stealthrock",">p2 move substitute",">p1 move stoneedge",">p2 move nastyplot",">p1 move stoneedge",">p2 move flashcannon",">p1 move spikes",">p2 move darkpulse",">p1 switch 2",">p1 move moonblast",">p2 move darkpulse",">p2 switch 3",">p1 switch 5",">p2 move leechseed",">p1 move fireblast",">p2 move protect",">p1 move fireblast",">p2 switch 2",">p1 switch 4",">p2 move toxicspikes",">p1 move boomburst",">p2 switch 4",">p1 move boomburst",">p2 move earthquake",">p1 switch 6",">p1 move aquajet",">p2 switch 5",">p1 switch 4",">p2 move stealthrock",">p1 move trickroom",">p2 move strengthsap",">p1 move shadowball",">p2 move nightshade",">p1 move fireblast",">p2 move strengthsap",">p1 move energyball",">p2 move nightshade",">p1 switch 4",">p1 move firstimpression",">p2 move nightshade",">p2 switch 6",">p1 switch 5",">p2 move flareblitz",">p1 switch 3",">p1 move rapidspin",">p2 move flareblitz",">p1 switch 5",">p1 move liquidation",">p2 move flareblitz"],"log":["|j|\u2606120573","|j|\u2606121521","|player|p1|120573|hugh|1208","|player|p2|121521|nate|1234","|teamsize|p1|6","|teamsize|p2|6","|gametype|singles","|gen|8","|tier|[Gen 8] OU","|rated|","|rule|Sleep Clause Mod: Limit one foe put to sleep","|rule|Species Clause: Limit one of each Pok\u00e9mon","|rule|OHKO Clause: OHKO moves are banned","|rule|Evasion Moves Clause: Evasion moves are banned","|rule|Endless Battle Clause: Forcing endless battles is banned","|rule|HP Percentage Mod: HP is shown in percentages","|clearpoke","|poke|p1|Golisopod, F|","|poke|p1|Gardevoir, F|","|poke|p1|Tsareena, F|","|poke|p1|Toxtricity-Low-Key, M|","|poke|p1|Chandelure, F|","|poke|p1|Crustle, M|","|poke|p2|Ferrothorn, M|","|poke|p2|Toxapex, M|","|poke|p2|Hydreigon, F|","|poke|p2|Excadrill, M|","|poke|p2|Corsola-Galar, F|","|poke|p2|Darmanitan-Galar, M|","|rule|Dynamax Clause: You cannot dynamax","|teampreview","|","|start","|switch|p1a: Pick's King|Crustle, M|281\/281","|switch|p2a: Hydreigon|Hydreigon, F|325\/325","|turn|1","|","|move|p2a: Hydreigon|Substitute|p2a: Hydreigon","|-start|p2a: Hydreigon|Substitute","|-damage|p2a: Hydreigon|244\/325","|move|p1a: Pick's King|Stealth Rock|p2a: Hydreigon","|-sidestart121521|move: Stealth Rock","|","|-heal|p2a: Hydreigon|264\/325|[from] item: Leftovers","|upkeep","|turn|2","|","|move|p2a: Hydreigon|Nasty Plot|p2a: Hydreigon","|-boost|p2a: Hydreigon|spa|2","|move|p1a: Pick's King|Stone Edge|p2a: Hydreigon","|-end|p2a: Hydreigon|Substitute","|","|-heal|p2a: Hydreigon|284\/325|[from] item: Leftovers","|upkeep","|turn|3","|","|move|p2a: Hydreigon|Flash Cannon|p1a: Pick's King","|-supereffective|p1a: Pick's King","|-enditem|p1a: Pick's King|Focus Sash","|-damage|p1a: Pick's King|1\/281","|move|p1a: Pick's King|Stone Edge|p2a: Hydreigon","|-damage|p2a: Hydreigon|95\/325","|","|-heal|p2a: Hydreigon|115\/325|[from] item: Leftovers","|upkeep","|turn|4","|l|\u2606120573","|player|p1|","|j|\u2606120573","|player|p1|120573|hugh","|","|move|p2a: Hydreigon|Dark Pulse|p1a: Pick's King","|-damage|p1a: Pick's King|0 fnt","|faint|p1a: Pick's King","|","|-heal|p2a: Hydreigon|135\/325|[from] item: Leftovers","|upkeep","|","|switch|p1a: kuro|Gardevoir, F|277\/277","|-ability|p1a: kuro|Levitate|[from] ability: Trace|[of] p2a: Hydreigon","|turn|5","|","|move|p1a: kuro|Moonblast|p2a: Hydreigon","|-supereffective|p2a: Hydreigon","|-damage|p2a: Hydreigon|0 fnt","|faint|p2a: Hydreigon","|","|upkeep","|","|switch|p2a: Ferrothorn|Ferrothorn, M|352\/352","|-damage|p2a: Ferrothorn|330\/352|[from] Stealth Rock","|turn|6","|","|switch|p1a: Cruel Dark Sun|Chandelure, F|324\/324","|move|p2a: Ferrothorn|Leech Seed|p1a: Cruel Dark Sun","|-start|p1a: Cruel Dark Sun|move: Leech Seed","|","|-heal|p2a: Ferrothorn|352\/352|[from] item: Leftovers","|-damage|p1a: Cruel Dark Sun|284\/324|[from] Leech Seed|[of] p2a: Ferrothorn","|upkeep","|turn|7","|","|move|p2a: Ferrothorn|Protect|p2a: Ferrothorn","|-singleturn|p2a: Ferrothorn|Protect","|move|p1a: Cruel Dark Sun|Fire Blast|p2a: Ferrothorn","|-activate|p2a: Ferrothorn|move: Protect","|","|-heal|p1a: Cruel Dark Sun|304\/324|[from] item: Leftovers","|-damage|p1a: Cruel Dark Sun|264\/324|[from] Leech Seed|[of] p2a: Ferrothorn","|upkeep","|turn|8","|","|switch|p2a: Toxapex|Toxapex, M|304\/304","|-damage|p2a: Toxapex|266\/304|[from] Stealth Rock","|move|p1a: Cruel Dark Sun|Fire Blast|p2a: Toxapex","|-resisted|p2a: Toxapex","|-damage|p2a: Toxapex|184\/304","|","|-heal|p1a: Cruel Dark Sun|284\/324|[from] item: Leftovers","|-heal|p2a: Toxapex|203\/304|[from] item: Black Sludge","|-damage|p1a: Cruel Dark Sun|244\/324|[from] Leech Seed|[of] p2a: Toxapex","|-heal|p2a: Toxapex|243\/304|[silent]","|upkeep","|turn|9","|","|switch|p1a: Toxic Sound|Toxtricity-Low-Key, M|291\/291","|move|p2a: Toxapex|Toxic Spikes|p1a: Toxic Sound","|-sidestart120573|move: Toxic Spikes","|","|-heal|p2a: Toxapex|262\/304|[from] item: Black Sludge","|upkeep","|turn|10","|","|switch|p2a: Excadrill|Excadrill, M|361\/361","|-damage|p2a: Excadrill|350\/361|[from] Stealth Rock","|-ability|p2a: Excadrill|Mold Breaker","|move|p1a: Toxic Sound|Boomburst|p2a: Excadrill","|-resisted|p2a: Excadrill","|-damage|p2a: Excadrill|158\/361","|-damage|p1a: Toxic Sound|262\/291|[from] item: Life Orb","|","|-heal|p2a: Excadrill|180\/361|[from] item: Leftovers","|upkeep","|turn|11","|","|move|p2a: Excadrill|Earthquake|p1a: Toxic Sound","|-supereffective|p1a: Toxic Sound","|-crit|p1a: Toxic Sound","|-damage|p1a: Toxic Sound|0 fnt","|faint|p1a: Toxic Sound","|","|-heal|p2a: Excadrill|202\/361|[from] item: Leftovers","|upkeep","|","|switch|p1a: Assassin's God|Golisopod, F|331\/331","|-status|p1a: Assassin's God|psn","|turn|12","|","|switch|p2a: Corsola|Corsola-Galar, F|324\/324","|-damage|p2a: Corsola|284\/324|[from] Stealth Rock","|move|p1a: Assassin's God|Aqua Jet|p2a: Corsola","|-damage|p2a: Corsola|233\/324","|","|-damage|p1a: Assassin's God|290\/331 psn|[from] psn","|upkeep","|turn|13","|","|switch|p1a: Cruel Dark Sun|Chandelure, F|244\/324","|-status|p1a: Cruel Dark Sun|psn","|move|p2a: Corsola|Stealth Rock|p1a: Cruel Dark Sun","|-sidestart120573|move: Stealth Rock","|","|-heal|p1a: Cruel Dark Sun|264\/324 psn|[from] item: Leftovers","|-damage|p1a: Cruel Dark Sun|224\/324 psn|[from] psn","|upkeep","|turn|14","|","|move|p2a: Corsola|Strength Sap|p1a: Cruel Dark Sun","|-unboost|p1a: Cruel Dark Sun|atk|1","|-heal|p2a: Corsola|324\/324","|move|p1a: Cruel Dark Sun|Trick Room|p1a: Cruel Dark Sun","|-fieldstart|move: Trick Room|[of] p1a: Cruel Dark Sun","|","|-heal|p1a: Cruel Dark Sun|244\/324 psn|[from] item: Leftovers","|-damage|p1a: Cruel Dark Sun|204\/324 psn|[from] psn","|upkeep","|turn|15","|","|move|p2a: Corsola|Night Shade|p1a: Cruel Dark Sun","|-damage|p1a: Cruel Dark Sun|104\/324 psn","|move|p1a: Cruel Dark Sun|Shadow Ball|p2a: Corsola","|-supereffective|p2a: Corsola","|-damage|p2a: Corsola|90\/324","|-start|p1a: Cruel Dark Sun|Disable|Shadow Ball|[from] ability: Cursed Body|[of] p2a: Corsola","|","|-heal|p1a: Cruel Dark Sun|124\/324 psn|[from] item: Leftovers","|-damage|p1a: Cruel Dark Sun|84\/324 psn|[from] psn","|upkeep","|turn|16","|","|move|p2a: Corsola|Strength Sap|p1a: Cruel Dark Sun","|-unboost|p1a: Cruel Dark Sun|atk|1","|-heal|p2a: Corsola|166\/324","|move|p1a: Cruel Dark Sun|Fire Blast|p2a: Corsola","|-damage|p2a: Corsola|3\/324","|","|-heal|p1a: Cruel Dark Sun|104\/324 psn|[from] item: Leftovers","|-damage|p1a: Cruel Dark Sun|64\/324 psn|[from] psn","|upkeep","|turn|17","|","|move|p2a: Corsola|Night Shade|p1a: Cruel Dark Sun","|-damage|p1a: Cruel Dark Sun|0 fnt","|faint|p1a: Cruel Dark Sun","|","|upkeep","|","|switch|p1a: Assassin's God|Golisopod, F|290\/331 psn","|-damage|p1a: Assassin's God|208\/331 psn|[from] Stealth Rock","|turn|18","|","|move|p1a: Assassin's God|First Impression|p2a: Corsola","|-resisted|p2a: Corsola","|-damage|p2a: Corsola|0 fnt","|faint|p2a: Corsola","|","|-damage|p1a: Assassin's God|167\/331 psn|[from] psn","|-fieldend|move: Trick Room","|upkeep","|","|switch|p2a: Darmanitan|Darmanitan-Galar, M|351\/351","|-damage|p2a: Darmanitan|264\/351|[from] Stealth Rock","|turn|19","|","|switch|p1a: kuro|Gardevoir, F|277\/277","|-status|p1a: kuro|psn","|-damage|p1a: kuro|243\/277 psn|[from] Stealth Rock","|-ability|p1a: kuro|Gorilla Tactics|[from] ability: Trace|[of] p2a: Darmanitan","|move|p2a: Darmanitan|Flare Blitz|p1a: kuro","|-damage|p1a: kuro|0 fnt","|-damage|p2a: Darmanitan|184\/351|[from] Recoil","|faint|p1a: kuro","|","|upkeep","|","|switch|p1a: Assassin's Queen|Tsareena, F|348\/348","|-status|p1a: Assassin's Queen|psn","|-damage|p1a: Assassin's Queen|305\/348 psn|[from] Stealth Rock","|turn|20","|","|move|p2a: Darmanitan|Flare Blitz|p1a: Assassin's Queen","|-supereffective|p1a: Assassin's Queen","|-damage|p1a: Assassin's Queen|0 fnt","|-damage|p2a: Darmanitan|83\/351|[from] Recoil","|faint|p1a: Assassin's Queen","|","|upkeep","|","|switch|p1a: Assassin's God|Golisopod, F|167\/331 psn","|-damage|p1a: Assassin's God|85\/331 psn|[from] Stealth Rock","|turn|21","|","|move|p2a: Darmanitan|Flare Blitz|p1a: Assassin's God","|-damage|p1a: Assassin's God|0 fnt","|-damage|p2a: Darmanitan|55\/351|[from] Recoil","|faint|p1a: Assassin's God","|","|win|121521","|raw|120573's rating: 1208 &rarr; <strong>1184<\/strong><br \/>(-24 for losing)","|raw|121521's rating: 1234 &rarr; <strong>1257<\/strong><br \/>(+23 for winning)",""],"p1":"120573","p1rating":1208,"p1team":[{"ability":"emergencyexit","evs":{"atk":252,"def":0,"hp":160,"spa":0,"spd":0,"spe":96},"happiness":160,"item":"choiceband","ivs":{"atk":31,"def":31,"hp":31,"spa":31,"spd":31,"spe":31},"level":100,"moves":["firstimpression","aquajet","liquidation","rockslide"],"name":"Assassin's God","nature":"Adamant","species":"golisopod"},{"ability":"trace","evs":{"atk":0,"def":0,"hp":0,"spa":252,"spd":4,"spe":252},"gender":"F","happiness":160,"item":"choicescarf","ivs":{"atk":0,"def":31,"hp":31,"spa":31,"spd":31,"spe":31},"level":100,"moves":["psychic","moonblast","thunderbolt","healingwish"],"name":"kuro","nature":"Timid","species":"gardevoir"},{"ability":"queenlymajesty","evs":{"atk":252,"def":0,"hp":252,"spa":0,"spd":4,"spe":0},"gender":"F","happiness":160,"item":"leftovers","ivs":{"atk":31,"def":31,"hp":31,"spa":31,"spd":31,"spe":31},"level":100,"moves":["rapidspin","highjumpkick","powerwhip","synthesis"],"name":"Assassin's Queen","nature":"Adamant","species":"tsareena"},{"ability":"punkrock","evs":{"atk":0,"def":0,"hp":0,"spa":252,"spd":4,"spe":252},"happiness":160,"item":"lifeorb","ivs":{"atk":0,"def":31,"hp":31,"spa":31,"spd":31,"spe":31},"level":100,"moves":["overdrive","boomburst","voltswitch","sludgewave"],"name":"Toxic Sound","nature":"Timid","species":"toxtricitylowkey"},{"ability":"infiltrator","evs":{"atk":0,"def":0,"hp":252,"spa":252,"spd":4,"spe":0},"happiness":160,"item":"leftovers","ivs":{"atk":0,"def":31,"hp":31,"spa":31,"spd":31,"spe":31},"level":100,"moves":["fireblast","shadowball","trickroom","energyball"],"name":"Cruel Dark Sun","nature":"Quiet","species":"chandelure"},{"ability":"weakarmor","evs":{"atk":252,"def":0,"hp":0,"spa":0,"spd":4,"spe":252},"happiness":160,"item":"focussash","ivs":{"atk":31,"def":0,"hp":31,"spa":31,"spd":31,"spe":31},"level":100,"moves":["stealthrock","spikes","stoneedge","shellsmash"],"name":"Pick's King","nature":"Adamant","species":"crustle"}],"p2":"121521","p2rating":1234,"p2team":[{"ability":"ironbarbs","evs":{"atk":0,"def":252,"hp":252,"spa":0,"spd":4,"spe":0},"happiness":160,"item":"leftovers","ivs":{"atk":31,"def":31,"hp":31,"spa":31,"spd":31,"spe":31},"level":100,"moves":["leechseed","spikes","powerwhip","protect"],"name":"Ferrothorn","nature":"Impish","species":"Ferrothorn"},{"ability":"regenerator","evs":{"atk":0,"def":252,"hp":252,"spa":0,"spd":4,"spe":0},"happiness":160,"item":"blacksludge","ivs":{"atk":0,"def":31,"hp":31,"spa":31,"spd":31,"spe":31},"level":100,"moves":["scald","recover","haze","toxicspikes"],"name":"Toxapex","nature":"Bold","species":"Toxapex"},{"ability":"levitate","evs":{"atk":0,"def":4,"hp":0,"spa":252,"spd":0,"spe":252},"happiness":160,"item":"leftovers","ivs":{"atk":0,"def":31,"hp":31,"spa":31,"spd":31,"spe":31},"level":100,"moves":["darkpulse","substitute","nastyplot","flashcannon"],"name":"Hydreigon","nature":"Timid","species":"Hydreigon"},{"ability":"moldbreaker","evs":{"atk":252,"def":4,"hp":0,"spa":0,"spd":0,"spe":252},"happiness":160,"item":"leftovers","ivs":{"atk":31,"def":31,"hp":31,"spa":31,"spd":31,"spe":31},"level":100,"moves":["swordsdance","earthquake","ironhead","rapidspin"],"name":"Excadrill","nature":"Jolly","species":"Excadrill"},{"ability":"cursedbody","evs":{"atk":0,"def":252,"hp":252,"spa":0,"spd":4,"spe":0},"happiness":160,"item":"eviolite","ivs":{"atk":0,"def":31,"hp":31,"spa":31,"spd":31,"spe":31},"level":100,"moves":["willowisp","strengthsap","stealthrock","nightshade"],"name":"Corsola","nature":"Bold","species":"corsolagalar"},{"ability":"gorillatactics","evs":{"atk":252,"def":0,"hp":0,"spa":0,"spd":4,"spe":252},"happiness":160,"item":"choicescarf","ivs":{"atk":31,"def":31,"hp":31,"spa":31,"spd":31,"spe":31},"level":100,"moves":["iciclecrash","flareblitz","earthquake","uturn"],"name":"Darmanitan","nature":"Jolly","species":"darmanitangalar"}],"roomid":1016135,"score":[0,4],"seed":[36293,16914,61388,59290],"timestamp":"Sat Dec 28 2019 08:XX","turns":21,"winner":"121521","rated_battle":true,"average_rating":1221}