{"endType":"forfeit","format":"gen8ou","inputLog":[">version aa9f8c6b9cf4eca780a1296832ecd3b0009641e0",">version-origin 5e8529faaa5905c5f8e15eafaaefa806ee8c7d06",">start {\"formatid\":\"gen8ou\",\"seed\":[60309,34451,19120,9617],\"rated\":\"Rated battle\"}",">player p1 {\"\"name\":\"13364\",\"rating\":1302}",">player p2 {\"\"name\":\"28980\",\"rating\":1373}",">p1 team 1, 2, 3, 4, 5, 6",">p2 team 3, 2, 1, 4, 5, 6",">p1 move dracometeor",">p2 switch 4",">p1 switch 2",">p2 move knockoff",">p1 move overdrive",">p2 switch 5",">p1 switch 4",">p2 move uturn",">p2 switch 2",">p1 switch 5",">p2 move stealthrock",">p1 move stealthrock",">p2 switch 6",">p1 switch 5",">p2 move willowisp",">p1 switch 2",">p2 switch 5",">p1 switch 3",">p2 move roost",">p1 move spiritbreak",">p2 move knockoff",">p1 move spiritbreak",">p2 move roost",">p1 move spiritbreak",">p2 move uturn",">p2 switch 5",">p1 switch 2",">p2 switch 6",">p1 switch 5",">p2 switch 2",">p1 switch 5",">p2 move firepunch",">p1 move recover",">p2 switch 4",">p1 switch 3",">p2 switch 2",">p1 move fireblast",">p2 move protect",">p1 move fireblast",">p2 switch 6",">p1 switch 3",">p2 move thunderwave",">p1 move earthquake",">p2 switch 5",">p1 switch 4",">p2 move roost",">p1 move boomburst",">p2 switch 6",">p1 switch 5",">p2 move leechseed",">p1 move leechseed",">p2 switch 5",">p1 switch 4",">p2 switch 5",">p1 switch 4",">p2 switch 3",">p1 switch 2",">p2 move substitute",">p1 move spiritbreak",">p2 move phantomforce",">p1 move spiritbreak",">p2 move phantomforce",">p1 move reflect",">p2 switch 2",">p1 switch 4",">p2 move voltswitch",">p1 move earthquake",">p2 switch 6",">p1 move toxic",">p2 move defog",">p1 move recover",">p2 move knockoff",">p1 move earthquake",">p2 move uturn",">p2 switch 3",">p1 switch 2",">p2 move stealthrock",">p1 move leechseed",">p2 switch 5",">p1 switch 2",">p2 switch 4",">p1 move recover",">p2 move earthquake",">p1 switch 6",">p2 move earthquake",">p1 move bodypress",">p2 switch 6",">p1 switch 3",">p2 move boomburst",">p1 switch 5",">p2 switch 3",">p1 move boomburst",">p2 switch 6",">p1 switch 3",">p2 switch 2",">p1 switch 4",">p2 switch 4",">p1 move spiritbreak",">p2 switch 3",">p1 move suckerpunch",">p2 move boomburst"],"log":["|j|\u260613364","|j|\u260628980","|player|p1|13364|ltsurge|1302","|player|p2|28980|168|1373","|teamsize|p1|6","|teamsize|p2|6","|gametype|singles","|gen|8","|tier|[Gen 8] OU","|rated|","|rule|Sleep Clause Mod: Limit one foe put to sleep","|rule|Species Clause: Limit one of each Pok\u00e9mon","|rule|OHKO Clause: OHKO moves are banned","|rule|Evasion Moves Clause: Evasion moves are banned","|rule|Endless Battle Clause: Forcing endless battles is banned","|rule|HP Percentage Mod: HP is shown in percentages","|clearpoke","|poke|p1|Dragapult, M|","|poke|p1|Toxtricity, M|","|poke|p1|Grimmsnarl, M|","|poke|p1|Quagsire, M|","|poke|p1|Ferrothorn, F|","|poke|p1|Avalugg, F|","|poke|p2|Dragapult, M|","|poke|p2|Ferrothorn, F|","|poke|p2|Toxtricity, F|","|poke|p2|Mandibuzz, F|","|poke|p2|Diggersby, F|","|poke|p2|Rotom-Heat|","|rule|Dynamax Clause: You cannot dynamax","|teampreview","|","|start","|switch|p1a: Dragapult|Dragapult, M|317\/317","|switch|p2a: Toxtricity|Toxtricity, F|291\/291","|turn|1","|","|switch|p2a: Mandibuzz|Mandibuzz, F, shiny|424\/424","|move|p1a: Dragapult|Draco Meteor|p2a: Mandibuzz","|-damage|p2a: Mandibuzz|255\/424","|-unboost|p1a: Dragapult|spa|2","|","|upkeep","|turn|2","|","|switch|p1a: Toxtricity|Toxtricity, M|291\/291","|move|p2a: Mandibuzz|Knock Off|p1a: Toxtricity","|-crit|p1a: Toxtricity","|-damage|p1a: Toxtricity|125\/291","|-enditem|p1a: Toxtricity|Choice Specs|[from] move: Knock Off|[of] p2a: Mandibuzz","|","|upkeep","|turn|3","|","|switch|p2a: Diggersby|Diggersby, F|311\/311","|move|p1a: Toxtricity|Overdrive|p2a: Diggersby","|-immune|p2a: Diggersby","|","|upkeep","|turn|4","|","|switch|p1a: Quagsire|Quagsire, M|394\/394","|move|p2a: Diggersby|U-turn|p1a: Quagsire","|-damage|p1a: Quagsire|315\/394","|","|switch|p2a: Ferrothorn|Ferrothorn, F, shiny|352\/352","|","|-heal|p1a: Quagsire|339\/394|[from] item: Leftovers","|upkeep","|turn|5","|","|switch|p1a: Ferrothorn|Ferrothorn, F|352\/352","|move|p2a: Ferrothorn|Stealth Rock|p1a: Ferrothorn","|-sidestart13364|move: Stealth Rock","|","|upkeep","|turn|6","|","|switch|p2a: Rotom|Rotom-Heat|304\/304","|move|p1a: Ferrothorn|Stealth Rock|p2a: Rotom","|-sidestart28980|move: Stealth Rock","|","|upkeep","|turn|7","|","|switch|p1a: Quagsire|Quagsire, M|339\/394","|-damage|p1a: Quagsire|315\/394|[from] Stealth Rock","|move|p2a: Rotom|Will-O-Wisp|p1a: Quagsire","|-status|p1a: Quagsire|brn","|","|-heal|p1a: Quagsire|339\/394 brn|[from] item: Leftovers","|-damage|p1a: Quagsire|315\/394 brn|[from] brn","|upkeep","|turn|8","|","|switch|p2a: Mandibuzz|Mandibuzz, F, shiny|255\/424","|switch|p1a: Dragapult|Dragapult, M|317\/317","|-damage|p1a: Dragapult|278\/317|[from] Stealth Rock","|","|upkeep","|turn|9","|","|switch|p1a: Grimmsnarl|Grimmsnarl, M|394\/394","|-damage|p1a: Grimmsnarl|345\/394|[from] Stealth Rock","|move|p2a: Mandibuzz|Roost|p2a: Mandibuzz","|-heal|p2a: Mandibuzz|424\/424","|-singleturn|p2a: Mandibuzz|move: Roost","|","|-heal|p1a: Grimmsnarl|369\/394|[from] item: Leftovers","|upkeep","|turn|10","|","|move|p2a: Mandibuzz|Knock Off|p1a: Grimmsnarl","|-resisted|p1a: Grimmsnarl","|-damage|p1a: Grimmsnarl|350\/394","|-enditem|p1a: Grimmsnarl|Leftovers|[from] move: Knock Off|[of] p2a: Mandibuzz","|move|p1a: Grimmsnarl|Spirit Break|p2a: Mandibuzz","|-supereffective|p2a: Mandibuzz","|-damage|p2a: Mandibuzz|248\/424","|-unboost|p2a: Mandibuzz|spa|1","|","|upkeep","|turn|11","|","|move|p2a: Mandibuzz|Roost|p2a: Mandibuzz","|-heal|p2a: Mandibuzz|424\/424","|-singleturn|p2a: Mandibuzz|move: Roost","|move|p1a: Grimmsnarl|Spirit Break|p2a: Mandibuzz","|-supereffective|p2a: Mandibuzz","|-damage|p2a: Mandibuzz|236\/424","|-unboost|p2a: Mandibuzz|spa|1","|","|upkeep","|turn|12","|","|move|p2a: Mandibuzz|U-turn|p1a: Grimmsnarl","|-damage|p1a: Grimmsnarl|316\/394","|","|switch|p2a: Rotom|Rotom-Heat|304\/304","|move|p1a: Grimmsnarl|Spirit Break|p2a: Rotom","|-resisted|p2a: Rotom","|-damage|p2a: Rotom|270\/304","|-unboost|p2a: Rotom|spa|1","|","|upkeep","|turn|13","|","|switch|p2a: Ferrothorn|Ferrothorn, F, shiny|352\/352","|-damage|p2a: Ferrothorn|330\/352|[from] Stealth Rock","|switch|p1a: Quagsire|Quagsire, M|315\/394 brn","|-damage|p1a: Quagsire|291\/394 brn|[from] Stealth Rock","|","|-heal|p1a: Quagsire|315\/394 brn|[from] item: Leftovers","|-heal|p2a: Ferrothorn|352\/352|[from] item: Leftovers","|-damage|p1a: Quagsire|291\/394 brn|[from] brn","|upkeep","|turn|14","|","|switch|p1a: Ferrothorn|Ferrothorn, F|352\/352","|-damage|p1a: Ferrothorn|330\/352|[from] Stealth Rock","|switch|p2a: Diggersby|Diggersby, F|311\/311","|-damage|p2a: Diggersby|292\/311|[from] Stealth Rock","|","|-heal|p1a: Ferrothorn|352\/352|[from] item: Leftovers","|upkeep","|turn|15","|","|switch|p1a: Quagsire|Quagsire, M|291\/394 brn","|-damage|p1a: Quagsire|267\/394 brn|[from] Stealth Rock","|move|p2a: Diggersby|Fire Punch|p1a: Quagsire","|-resisted|p1a: Quagsire","|-damage|p1a: Quagsire|225\/394 brn","|","|-heal|p1a: Quagsire|249\/394 brn|[from] item: Leftovers","|-damage|p1a: Quagsire|225\/394 brn|[from] brn","|upkeep","|turn|16","|","|switch|p2a: Toxtricity|Toxtricity, F|291\/291","|-damage|p2a: Toxtricity|255\/291|[from] Stealth Rock","|move|p1a: Quagsire|Recover|p1a: Quagsire","|-heal|p1a: Quagsire|394\/394 brn","|","|-damage|p1a: Quagsire|370\/394 brn|[from] brn","|upkeep","|turn|17","|","|switch|p2a: Ferrothorn|Ferrothorn, F, shiny|352\/352","|-damage|p2a: Ferrothorn|330\/352|[from] Stealth Rock","|switch|p1a: Dragapult|Dragapult, M|278\/317","|-damage|p1a: Dragapult|239\/317|[from] Stealth Rock","|","|-heal|p2a: Ferrothorn|352\/352|[from] item: Leftovers","|upkeep","|turn|18","|","|move|p2a: Ferrothorn|Protect|p2a: Ferrothorn","|-singleturn|p2a: Ferrothorn|Protect","|move|p1a: Dragapult|Fire Blast|p2a: Ferrothorn","|-activate|p2a: Ferrothorn|move: Protect","|","|upkeep","|turn|19","|","|switch|p2a: Rotom|Rotom-Heat|270\/304","|move|p1a: Dragapult|Fire Blast|p2a: Rotom","|-resisted|p2a: Rotom","|-crit|p2a: Rotom","|-damage|p2a: Rotom|178\/304","|","|upkeep","|turn|20","|","|switch|p1a: Quagsire|Quagsire, M|370\/394 brn","|-damage|p1a: Quagsire|346\/394 brn|[from] Stealth Rock","|move|p2a: Rotom|Thunder Wave|p1a: Quagsire","|-immune|p1a: Quagsire","|","|-heal|p1a: Quagsire|370\/394 brn|[from] item: Leftovers","|-damage|p1a: Quagsire|346\/394 brn|[from] brn","|upkeep","|turn|21","|","|switch|p2a: Mandibuzz|Mandibuzz, F, shiny|236\/424","|move|p1a: Quagsire|Earthquake|p2a: Mandibuzz","|-immune|p2a: Mandibuzz","|","|-heal|p1a: Quagsire|370\/394 brn|[from] item: Leftovers","|-damage|p1a: Quagsire|346\/394 brn|[from] brn","|upkeep","|turn|22","|","|switch|p1a: Toxtricity|Toxtricity, M|125\/291","|-damage|p1a: Toxtricity|89\/291|[from] Stealth Rock","|move|p2a: Mandibuzz|Roost|p2a: Mandibuzz","|-heal|p2a: Mandibuzz|424\/424","|-singleturn|p2a: Mandibuzz|move: Roost","|","|upkeep","|turn|23","|","|switch|p2a: Ferrothorn|Ferrothorn, F, shiny|352\/352","|-damage|p2a: Ferrothorn|330\/352|[from] Stealth Rock","|move|p1a: Toxtricity|Boomburst|p2a: Ferrothorn","|-resisted|p2a: Ferrothorn","|-damage|p2a: Ferrothorn|236\/352","|","|-heal|p2a: Ferrothorn|258\/352|[from] item: Leftovers","|upkeep","|turn|24","|","|switch|p1a: Ferrothorn|Ferrothorn, F|352\/352","|-damage|p1a: Ferrothorn|330\/352|[from] Stealth Rock","|move|p2a: Ferrothorn|Leech Seed|p1a: Ferrothorn","|-immune|p1a: Ferrothorn","|","|-heal|p2a: Ferrothorn|280\/352|[from] item: Leftovers","|-heal|p1a: Ferrothorn|352\/352|[from] item: Leftovers","|upkeep","|turn|25","|","|switch|p2a: Rotom|Rotom-Heat|178\/304","|move|p1a: Ferrothorn|Leech Seed|p2a: Rotom","|-start|p2a: Rotom|move: Leech Seed","|","|-damage|p2a: Rotom|140\/304|[from] Leech Seed|[of] p1a: Ferrothorn","|upkeep","|turn|26","|","|switch|p2a: Ferrothorn|Ferrothorn, F, shiny|280\/352","|-damage|p2a: Ferrothorn|258\/352|[from] Stealth Rock","|switch|p1a: Quagsire|Quagsire, M|346\/394 brn","|-damage|p1a: Quagsire|322\/394 brn|[from] Stealth Rock","|","|-heal|p1a: Quagsire|346\/394 brn|[from] item: Leftovers","|-heal|p2a: Ferrothorn|280\/352|[from] item: Leftovers","|-damage|p1a: Quagsire|322\/394 brn|[from] brn","|upkeep","|turn|27","|","|switch|p1a: Ferrothorn|Ferrothorn, F|352\/352","|-damage|p1a: Ferrothorn|330\/352|[from] Stealth Rock","|switch|p2a: Dragapult|Dragapult, M|318\/318","|-damage|p2a: Dragapult|279\/318|[from] Stealth Rock","|","|-heal|p2a: Dragapult|298\/318|[from] item: Leftovers","|-heal|p1a: Ferrothorn|352\/352|[from] item: Leftovers","|upkeep","|turn|28","|","|switch|p1a: Grimmsnarl|Grimmsnarl, M|316\/394","|-damage|p1a: Grimmsnarl|267\/394|[from] Stealth Rock","|move|p2a: Dragapult|Substitute|p2a: Dragapult","|-start|p2a: Dragapult|Substitute","|-damage|p2a: Dragapult|219\/318","|","|-heal|p2a: Dragapult|238\/318|[from] item: Leftovers","|upkeep","|turn|29","|","|move|p2a: Dragapult|Phantom Force||[still]","|-prepare|p2a: Dragapult|Phantom Force|p1a: Grimmsnarl","|move|p1a: Grimmsnarl|Spirit Break|p2a: Dragapult|[miss]","|-miss|p1a: Grimmsnarl|p2a: Dragapult","|","|-heal|p2a: Dragapult|257\/318|[from] item: Leftovers","|upkeep","|turn|30","|","|move|p2a: Dragapult|Phantom Force|p1a: Grimmsnarl|[from]lockedmove","|-resisted|p1a: Grimmsnarl","|-damage|p1a: Grimmsnarl|187\/394","|move|p1a: Grimmsnarl|Spirit Break|p2a: Dragapult","|-supereffective|p2a: Dragapult","|-end|p2a: Dragapult|Substitute","|","|-heal|p2a: Dragapult|276\/318|[from] item: Leftovers","|upkeep","|turn|31","|","|switch|p2a: Toxtricity|Toxtricity, F|255\/291","|-damage|p2a: Toxtricity|219\/291|[from] Stealth Rock","|move|p1a: Grimmsnarl|Reflect|p1a: Grimmsnarl","|-sidestart13364|Reflect","|","|upkeep","|turn|32","|","|switch|p1a: Quagsire|Quagsire, M|322\/394 brn","|-damage|p1a: Quagsire|298\/394 brn|[from] Stealth Rock","|move|p2a: Toxtricity|Volt Switch|p1a: Quagsire","|-immune|p1a: Quagsire","|","|-heal|p1a: Quagsire|322\/394 brn|[from] item: Leftovers","|-damage|p1a: Quagsire|298\/394 brn|[from] brn","|upkeep","|turn|33","|","|switch|p2a: Mandibuzz|Mandibuzz, F, shiny|424\/424","|move|p1a: Quagsire|Earthquake|p2a: Mandibuzz","|-immune|p2a: Mandibuzz","|","|-heal|p1a: Quagsire|322\/394 brn|[from] item: Leftovers","|-damage|p1a: Quagsire|298\/394 brn|[from] brn","|upkeep","|turn|34","|","|move|p2a: Mandibuzz|Defog|p1a: Quagsire","|-unboost|p1a: Quagsire|evasion|1","|-sideend13364|Reflect","|-sideend13364|Stealth Rock|[from] move: Defog|[of] p2a: Mandibuzz","|-sideend28980|Stealth Rock|[from] move: Defog|[of] p2a: Mandibuzz","|move|p1a: Quagsire|Toxic|p2a: Mandibuzz","|-status|p2a: Mandibuzz|tox","|","|-heal|p1a: Quagsire|322\/394 brn|[from] item: Leftovers","|-damage|p2a: Mandibuzz|398\/424 tox|[from] psn","|-damage|p1a: Quagsire|298\/394 brn|[from] brn","|upkeep","|turn|35","|","|move|p2a: Mandibuzz|Knock Off|p1a: Quagsire","|-damage|p1a: Quagsire|234\/394 brn","|-enditem|p1a: Quagsire|Leftovers|[from] move: Knock Off|[of] p2a: Mandibuzz","|move|p1a: Quagsire|Recover|p1a: Quagsire","|-heal|p1a: Quagsire|394\/394 brn","|","|-damage|p2a: Mandibuzz|346\/424 tox|[from] psn","|-damage|p1a: Quagsire|370\/394 brn|[from] brn","|upkeep","|turn|36","|","|move|p2a: Mandibuzz|U-turn|p1a: Quagsire","|-damage|p1a: Quagsire|336\/394 brn","|","|switch|p2a: Ferrothorn|Ferrothorn, F, shiny|280\/352","|move|p1a: Quagsire|Earthquake|p2a: Ferrothorn","|-damage|p2a: Ferrothorn|250\/352","|","|-heal|p2a: Ferrothorn|272\/352|[from] item: Leftovers","|-damage|p1a: Quagsire|312\/394 brn|[from] brn","|upkeep","|turn|37","|","|switch|p1a: Ferrothorn|Ferrothorn, F|352\/352","|move|p2a: Ferrothorn|Stealth Rock|p1a: Ferrothorn","|-sidestart13364|move: Stealth Rock","|","|-heal|p2a: Ferrothorn|294\/352|[from] item: Leftovers","|upkeep","|turn|38","|","|switch|p2a: Rotom|Rotom-Heat|140\/304","|move|p1a: Ferrothorn|Leech Seed|p2a: Rotom","|-start|p2a: Rotom|move: Leech Seed","|","|-damage|p2a: Rotom|102\/304|[from] Leech Seed|[of] p1a: Ferrothorn","|upkeep","|turn|39","|","|switch|p2a: Diggersby|Diggersby, F|292\/311","|switch|p1a: Quagsire|Quagsire, M|312\/394 brn","|-damage|p1a: Quagsire|288\/394 brn|[from] Stealth Rock","|","|-damage|p1a: Quagsire|264\/394 brn|[from] brn","|upkeep","|turn|40","|","|move|p2a: Diggersby|Earthquake|p1a: Quagsire","|-damage|p1a: Quagsire|108\/394 brn","|move|p1a: Quagsire|Recover|p1a: Quagsire","|-heal|p1a: Quagsire|305\/394 brn","|","|-damage|p1a: Quagsire|281\/394 brn|[from] brn","|upkeep","|turn|41","|","|switch|p1a: Avalugg|Avalugg, F|394\/394","|move|p2a: Diggersby|Earthquake|p1a: Avalugg","|-damage|p1a: Avalugg|273\/394","|","|upkeep","|turn|42","|","|switch|p2a: Toxtricity|Toxtricity, F|219\/291","|move|p1a: Avalugg|Body Press|p2a: Toxtricity","|-resisted|p2a: Toxtricity","|-damage|p2a: Toxtricity|148\/291","|","|upkeep","|turn|43","|","|switch|p1a: Dragapult|Dragapult, M|239\/317","|-damage|p1a: Dragapult|200\/317|[from] Stealth Rock","|move|p2a: Toxtricity|Boomburst|p1a: Dragapult","|-immune|p1a: Dragapult","|","|upkeep","|turn|44","|","|switch|p1a: Toxtricity|Toxtricity, M|89\/291","|-damage|p1a: Toxtricity|53\/291|[from] Stealth Rock","|switch|p2a: Mandibuzz|Mandibuzz, F, shiny|346\/424 tox","|","|-damage|p2a: Mandibuzz|320\/424 tox|[from] psn","|upkeep","|turn|45","|","|switch|p2a: Diggersby|Diggersby, F|292\/311","|move|p1a: Toxtricity|Boomburst|p2a: Diggersby","|-damage|p2a: Diggersby|18\/311","|","|upkeep","|turn|46","|","|switch|p2a: Dragapult|Dragapult, M|276\/318","|switch|p1a: Avalugg|Avalugg, F|273\/394","|","|-heal|p2a: Dragapult|295\/318|[from] item: Leftovers","|upkeep","|turn|47","|","|switch|p2a: Rotom|Rotom-Heat|102\/304","|switch|p1a: Grimmsnarl|Grimmsnarl, M|187\/394","|-damage|p1a: Grimmsnarl|138\/394|[from] Stealth Rock","|","|upkeep","|turn|48","|","|switch|p2a: Toxtricity|Toxtricity, F|148\/291","|move|p1a: Grimmsnarl|Spirit Break|p2a: Toxtricity","|-resisted|p2a: Toxtricity","|-damage|p2a: Toxtricity|75\/291","|-unboost|p2a: Toxtricity|spa|1","|","|upkeep","|turn|49","|","|move|p1a: Grimmsnarl|Sucker Punch|p2a: Toxtricity","|-damage|p2a: Toxtricity|0 fnt","|faint|p2a: Toxtricity","|","|upkeep","|-message|28980 forfeited.","|","|win|13364","|l|\u260628980","|raw|13364's rating: 1302 &rarr; <strong>1326<\/strong><br \/>(+24 for winning)","|raw|28980's rating: 1373 &rarr; <strong>1349<\/strong><br \/>(-24 for losing)",""],"p1":"13364","p1rating":1302,"p1team":[{"ability":"clearbody","evs":{"atk":0,"def":4,"hp":0,"spa":252,"spd":0,"spe":252},"happiness":160,"item":"choicescarf","ivs":{"atk":0,"def":31,"hp":31,"spa":31,"spd":31,"spe":31},"level":100,"moves":["shadowball","dracometeor","fireblast","hydropump"],"name":"Dragapult","nature":"Modest","species":"Dragapult"},{"ability":"punkrock","evs":{"atk":0,"def":4,"hp":0,"spa":252,"spd":0,"spe":252},"happiness":160,"item":"choicespecs","ivs":{"atk":0,"def":31,"hp":31,"spa":31,"spd":31,"spe":31},"level":100,"moves":["boomburst","overdrive","sludgewave","snarl"],"name":"Toxtricity","nature":"Modest","species":"Toxtricity"},{"ability":"prankster","evs":{"atk":0,"def":252,"hp":252,"spa":0,"spd":4,"spe":0},"gender":"M","happiness":160,"item":"leftovers","ivs":{"atk":31,"def":31,"hp":31,"spa":31,"spd":31,"spe":31},"level":100,"moves":["reflect","thunderwave","suckerpunch","spiritbreak"],"name":"Grimmsnarl","nature":"Impish","species":"Grimmsnarl"},{"ability":"unaware","evs":{"atk":4,"def":252,"hp":252,"spa":0,"spd":0,"spe":0},"happiness":160,"item":"leftovers","ivs":{"atk":31,"def":31,"hp":31,"spa":31,"spd":31,"spe":31},"level":100,"moves":["haze","toxic","earthquake","recover"],"name":"Quagsire","nature":"Impish","species":"Quagsire"},{"ability":"ironbarbs","evs":{"atk":4,"def":252,"hp":252,"spa":0,"spd":0,"spe":0},"happiness":160,"item":"leftovers","ivs":{"atk":31,"def":31,"hp":31,"spa":31,"spd":31,"spe":31},"level":100,"moves":["leechseed","powerwhip","stealthrock","bodypress"],"name":"Ferrothorn","nature":"Impish","species":"Ferrothorn"},{"ability":"owntempo","evs":{"atk":4,"def":0,"hp":252,"spa":0,"spd":252,"spe":0},"happiness":160,"item":"heavydutyboots","ivs":{"atk":31,"def":31,"hp":31,"spa":31,"spd":31,"spe":31},"level":100,"moves":["rapidspin","bodypress","recover","irondefense"],"name":"Avalugg","nature":"Careful","species":"Avalugg"}],"p2":"28980","p2rating":1373,"p2team":[{"ability":"clearbody","evs":{"atk":252,"def":0,"hp":4,"spa":0,"spd":0,"spe":252},"happiness":160,"item":"leftovers","ivs":{"atk":31,"def":31,"hp":31,"spa":31,"spd":31,"spe":31},"level":100,"moves":["dragondance","substitute","phantomforce","dragondarts"],"name":"Dragapult","nature":"Adamant","species":"Dragapult"},{"ability":"ironbarbs","evs":{"atk":4,"def":252,"hp":252,"spa":0,"spd":0,"spe":0},"happiness":160,"item":"leftovers","ivs":{"atk":31,"def":31,"hp":31,"spa":31,"spd":31,"spe":31},"level":100,"moves":["leechseed","protect","powerwhip","stealthrock"],"name":"Ferrothorn","nature":"Impish","shiny":true,"species":"Ferrothorn"},{"ability":"punkrock","evs":{"atk":0,"def":0,"hp":0,"spa":252,"spd":0,"spe":252},"happiness":160,"item":"choicespecs","ivs":{"atk":0,"def":31,"hp":31,"spa":31,"spd":31,"spe":31},"level":100,"moves":["boomburst","overdrive","voltswitch","snarl"],"name":"Toxtricity","nature":"Modest","species":"Toxtricity"},{"ability":"overcoat","evs":{"atk":0,"def":48,"hp":252,"spa":0,"spd":208,"spe":0},"gender":"F","happiness":160,"item":"heavydutyboots","ivs":{"atk":31,"def":31,"hp":31,"spa":31,"spd":31,"spe":31},"level":100,"moves":["uturn","defog","knockoff","roost"],"name":"Mandibuzz","nature":"Careful","shiny":true,"species":"Mandibuzz"},{"ability":"hugepower","evs":{"atk":252,"def":0,"hp":0,"spa":0,"spd":4,"spe":252},"happiness":160,"item":"choicescarf","ivs":{"atk":31,"def":31,"hp":31,"spa":31,"spd":31,"spe":31},"level":100,"moves":["earthquake","firepunch","bodyslam","uturn"],"name":"Diggersby","nature":"Jolly","species":"Diggersby"},{"ability":"levitate","evs":{"atk":0,"def":252,"hp":252,"spa":4,"spd":0,"spe":0},"gender":"N","happiness":160,"item":"heavydutyboots","ivs":{"atk":0,"def":31,"hp":31,"spa":31,"spd":31,"spe":31},"level":100,"moves":["overheat","voltswitch","thunderwave","willowisp"],"name":"Rotom","nature":"Bold","species":"rotomheat"}],"roomid":102052,"score":[6,5],"seed":[60309,34451,19120,9617],"timestamp":"Mon Dec 30 2019 01:XX","turns":49,"winner":"13364","rated_battle":true,"average_rating":1337}