{"endType":"normal","format":"gen8ou","inputLog":[">version aa9f8c6b9cf4eca780a1296832ecd3b0009641e0",">version-origin 5e8529faaa5905c5f8e15eafaaefa806ee8c7d06",">start {\"formatid\":\"gen8ou\",\"seed\":[2363,14127,14486,25241],\"rated\":\"Rated battle\"}",">player p1 {\"\"name\":\"3562\",\"rating\":1352}",">player p2 {\"\"name\":\"39650\",\"rating\":1285}",">p1 team 2, 1, 3, 4, 5, 6",">p2 team 1, 2, 3, 4, 5, 6",">p1 switch 3",">p2 move auroraveil",">p1 move calmmind",">p2 move taunt",">p1 move hex",">p2 move blizzard",">p1 move hex",">p2 move blizzard",">p1 switch 2",">p2 move taunt",">p1 move uturn",">p2 move auroraveil",">p1 switch 6",">p1 move psychicfangs",">p2 move explosion",">p2 switch 2",">p1 switch 2",">p2 move iciclecrash",">p1 switch 4",">p1 move ironhead",">p2 switch 6",">p1 move stealthrock",">p2 move leechseed",">p1 switch 6",">p2 move powerwhip",">p1 move flareblitz",">p2 move protect",">p1 switch 2",">p2 switch 5",">p1 move fishiousrend",">p2 move hail",">p1 move fishiousrend",">p2 move recover",">p2 switch 6",">p1 move fishiousrend",">p2 move iciclecrash",">p1 switch 2",">p1 move flareblitz",">p2 move iciclecrash",">p2 switch 4",">p1 move flareblitz",">p2 move firefang",">p1 switch 3",">p1 move nastyplot",">p2 switch 3",">p1 move flashcannon",">p2 move moonblast",">p2 switch 5",">p1 move focusblast",">p2 move leechseed",">p2 switch 3",">p1 move darkpulse",">p2 move thunderfang"],"log":["|j|\u26063562","|j|\u260639650","|player|p1|3562|2|1352","|player|p2|39650|brycen|1285","|teamsize|p1|6","|teamsize|p2|6","|gametype|singles","|gen|8","|tier|[Gen 8] OU","|rated|","|rule|Sleep Clause Mod: Limit one foe put to sleep","|rule|Species Clause: Limit one of each Pok\u00e9mon","|rule|OHKO Clause: OHKO moves are banned","|rule|Evasion Moves Clause: Evasion moves are banned","|rule|Endless Battle Clause: Forcing endless battles is banned","|rule|HP Percentage Mod: HP is shown in percentages","|clearpoke","|poke|p1|Darmanitan-Galar, M|","|poke|p1|Hydreigon, M|","|poke|p1|Corsola-Galar, F|","|poke|p1|Excadrill, M|","|poke|p1|Cloyster, M|","|poke|p1|Dracovish|","|poke|p2|Vanilluxe, M|","|poke|p2|Beartic, M|","|poke|p2|Clefable, M|","|poke|p2|Boltund, M|","|poke|p2|Milotic, M|","|poke|p2|Ferrothorn, M|","|rule|Dynamax Clause: You cannot dynamax","|teampreview","|","|start","|switch|p1a: Hydreigon|Hydreigon, M|326\/326","|switch|p2a: Vanilluxe|Vanilluxe, M|346\/346","|-weather|Hail|[from] ability: Snow Warning|[of] p2a: Vanilluxe","|turn|1","|","|switch|p1a: Corsola|Corsola-Galar, F|324\/324","|move|p2a: Vanilluxe|Aurora Veil|p2a: Vanilluxe","|-sidestart39650|move: Aurora Veil","|","|-weather|Hail|[upkeep]","|-damage|p1a: Corsola|304\/324|[from] Hail","|upkeep","|turn|2","|","|move|p2a: Vanilluxe|Taunt|p1a: Corsola","|-start|p1a: Corsola|move: Taunt","|cant|p1a: Corsola|move: Taunt|Calm Mind","|","|-weather|Hail|[upkeep]","|-damage|p1a: Corsola|284\/324|[from] Hail","|upkeep","|turn|3","|","|move|p2a: Vanilluxe|Blizzard|p1a: Corsola","|-damage|p1a: Corsola|214\/324","|move|p1a: Corsola|Hex|p2a: Vanilluxe","|-damage|p2a: Vanilluxe|319\/346","|","|-weather|Hail|[upkeep]","|-damage|p1a: Corsola|194\/324|[from] Hail","|upkeep","|turn|4","|","|move|p2a: Vanilluxe|Blizzard|p1a: Corsola","|-damage|p1a: Corsola|122\/324","|-start|p2a: Vanilluxe|Disable|Blizzard|[from] ability: Cursed Body|[of] p1a: Corsola","|move|p1a: Corsola|Hex|p2a: Vanilluxe","|-damage|p2a: Vanilluxe|290\/346","|","|-weather|Hail|[upkeep]","|-damage|p1a: Corsola|102\/324|[from] Hail","|-end|p1a: Corsola|move: Taunt","|upkeep","|turn|5","|","|switch|p1a: Darmanitan|Darmanitan-Galar, M|351\/351","|move|p2a: Vanilluxe|Taunt|p1a: Darmanitan","|-start|p1a: Darmanitan|move: Taunt","|","|-weather|Hail|[upkeep]","|-sideend39650|move: Aurora Veil","|upkeep","|turn|6","|","|move|p1a: Darmanitan|U-turn|p2a: Vanilluxe","|-damage|p2a: Vanilluxe|136\/346","|","|switch|p1a: Dracovish|Dracovish|321\/321","|move|p2a: Vanilluxe|Aurora Veil|p2a: Vanilluxe","|-sidestart39650|move: Aurora Veil","|","|-weather|Hail|[upkeep]","|-damage|p1a: Dracovish|301\/321|[from] Hail","|upkeep","|turn|7","|","|move|p2a: Vanilluxe|Explosion|p1a: Dracovish","|-damage|p1a: Dracovish|129\/321","|faint|p2a: Vanilluxe","|move|p1a: Dracovish|Psychic Fangs|p2: Vanilluxe|[notarget]","|-fail|p1a: Dracovish","|","|-weather|Hail|[upkeep]","|-damage|p1a: Dracovish|109\/321|[from] Hail","|upkeep","|","|switch|p2a: Beartic|Beartic, M|339\/339","|turn|8","|","|switch|p1a: Corsola|Corsola-Galar, F|102\/324","|move|p2a: Beartic|Icicle Crash|p1a: Corsola","|-damage|p1a: Corsola|0 fnt","|faint|p1a: Corsola","|","|-weather|none","|upkeep","|","|switch|p1a: Excadrill|Excadrill, M|361\/361","|-ability|p1a: Excadrill|Mold Breaker","|turn|9","|","|switch|p2a: Ferrothorn|Ferrothorn, M|351\/351","|move|p1a: Excadrill|Iron Head|p2a: Ferrothorn","|-resisted|p2a: Ferrothorn","|-damage|p2a: Ferrothorn|330\/351","|-damage|p1a: Excadrill|316\/361|[from] ability: Iron Barbs|[of] p2a: Ferrothorn","|-damage|p1a: Excadrill|256\/361|[from] item: Rocky Helmet|[of] p2a: Ferrothorn","|","|upkeep","|turn|10","|","|move|p1a: Excadrill|Stealth Rock|p2a: Ferrothorn","|-sidestart39650|move: Stealth Rock","|move|p2a: Ferrothorn|Leech Seed|p1a: Excadrill","|-start|p1a: Excadrill|move: Leech Seed","|","|-damage|p1a: Excadrill|211\/361|[from] Leech Seed|[of] p2a: Ferrothorn","|-heal|p2a: Ferrothorn|351\/351|[silent]","|-sideend39650|move: Aurora Veil","|upkeep","|turn|11","|","|switch|p1a: Darmanitan|Darmanitan-Galar, M|351\/351","|move|p2a: Ferrothorn|Power Whip|p1a: Darmanitan","|-damage|p1a: Darmanitan|141\/351","|","|upkeep","|turn|12","|","|move|p2a: Ferrothorn|Protect|p2a: Ferrothorn","|-singleturn|p2a: Ferrothorn|Protect","|move|p1a: Darmanitan|Flare Blitz|p2a: Ferrothorn","|-activate|p2a: Ferrothorn|move: Protect","|","|upkeep","|turn|13","|","|switch|p1a: Dracovish|Dracovish|109\/321","|switch|p2a: Milotic|Milotic, M|394\/394","|-damage|p2a: Milotic|345\/394|[from] Stealth Rock","|","|-heal|p2a: Milotic|369\/394|[from] item: Leftovers","|upkeep","|turn|14","|","|move|p1a: Dracovish|Fishious Rend|p2a: Milotic","|-resisted|p2a: Milotic","|-damage|p2a: Milotic|166\/394","|move|p2a: Milotic|Hail|p2a: Milotic","|-weather|Hail","|","|-weather|Hail|[upkeep]","|-damage|p1a: Dracovish|89\/321|[from] Hail","|-damage|p2a: Milotic|142\/394|[from] Hail","|-heal|p2a: Milotic|166\/394|[from] item: Leftovers","|upkeep","|turn|15","|","|move|p1a: Dracovish|Fishious Rend|p2a: Milotic","|-resisted|p2a: Milotic","|-damage|p2a: Milotic|0 fnt","|faint|p2a: Milotic","|","|-weather|Hail|[upkeep]","|-damage|p1a: Dracovish|69\/321|[from] Hail","|upkeep","|","|switch|p2a: Beartic|Beartic, M|339\/339","|-damage|p2a: Beartic|255\/339|[from] Stealth Rock","|turn|16","|","|move|p2a: Beartic|Icicle Crash|p1a: Dracovish","|-damage|p1a: Dracovish|0 fnt","|faint|p1a: Dracovish","|","|-weather|Hail|[upkeep]","|upkeep","|","|switch|p1a: Darmanitan|Darmanitan-Galar, M|141\/351","|turn|17","|","|move|p1a: Darmanitan|Flare Blitz|p2a: Beartic","|-supereffective|p2a: Beartic","|-damage|p2a: Beartic|0 fnt","|-damage|p1a: Darmanitan|57\/351|[from] Recoil","|faint|p2a: Beartic","|","|-weather|Hail|[upkeep]","|upkeep","|","|switch|p2a: Boltund|Boltund, M|280\/280","|-damage|p2a: Boltund|245\/280|[from] Stealth Rock","|turn|18","|","|move|p2a: Boltund|Fire Fang|p1a: Darmanitan","|-supereffective|p1a: Darmanitan","|-crit|p1a: Darmanitan","|-damage|p1a: Darmanitan|0 fnt","|faint|p1a: Darmanitan","|","|-weather|none","|upkeep","|","|switch|p1a: Hydreigon|Hydreigon, M|326\/326","|turn|19","|","|switch|p2a: Clefable|Clefable, M|332\/332","|move|p1a: Hydreigon|Nasty Plot|p1a: Hydreigon","|-boost|p1a: Hydreigon|spa|2","|","|upkeep","|turn|20","|","|move|p1a: Hydreigon|Flash Cannon|p2a: Clefable","|-supereffective|p2a: Clefable","|-damage|p2a: Clefable|0 fnt","|faint|p2a: Clefable","|","|upkeep","|","|switch|p2a: Ferrothorn|Ferrothorn, M|351\/351","|-damage|p2a: Ferrothorn|330\/351|[from] Stealth Rock","|turn|21","|","|move|p1a: Hydreigon|Focus Blast|p2a: Ferrothorn","|-supereffective|p2a: Ferrothorn","|-damage|p2a: Ferrothorn|0 fnt","|faint|p2a: Ferrothorn","|","|upkeep","|","|switch|p2a: Boltund|Boltund, M|245\/280","|-damage|p2a: Boltund|210\/280|[from] Stealth Rock","|turn|22","|","|move|p2a: Boltund|Thunder Fang|p1a: Hydreigon","|-resisted|p1a: Hydreigon","|-damage|p1a: Hydreigon|242\/326","|move|p1a: Hydreigon|Dark Pulse|p2a: Boltund","|-damage|p2a: Boltund|0 fnt","|faint|p2a: Boltund","|","|win|3562","|l|\u260639650","|l|\u26063562","|raw|3562's rating: 1352 &rarr; <strong>1366<\/strong><br \/>(+14 for winning)","|raw|39650's rating: 1262 &rarr; <strong>1244<\/strong><br \/>(-18 for losing)",""],"p1":"3562","p1rating":1352,"p1team":[{"ability":"gorillatactics","evs":{"atk":252,"def":0,"hp":0,"spa":0,"spd":0,"spe":252},"happiness":160,"item":"choicescarf","ivs":{"atk":31,"def":31,"hp":31,"spa":31,"spd":31,"spe":31},"level":100,"moves":["superpower","uturn","iciclecrash","flareblitz"],"name":"Darmanitan","nature":"Jolly","species":"darmanitangalar"},{"ability":"levitate","evs":{"atk":0,"def":0,"hp":4,"spa":252,"spd":0,"spe":252},"happiness":160,"item":"salacberry","ivs":{"atk":0,"def":31,"hp":31,"spa":31,"spd":31,"spe":31},"level":100,"moves":["darkpulse","nastyplot","flashcannon","focusblast"],"name":"Hydreigon","nature":"Timid","species":"Hydreigon"},{"ability":"cursedbody","evs":{"atk":0,"def":4,"hp":252,"spa":0,"spd":252,"spe":0},"happiness":160,"item":"eviolite","ivs":{"atk":0,"def":31,"hp":31,"spa":31,"spd":31,"spe":31},"level":100,"moves":["hex","willowisp","strengthsap","calmmind"],"name":"Corsola","nature":"Calm","species":"corsolagalar"},{"ability":"moldbreaker","evs":{"atk":252,"def":0,"hp":0,"spa":0,"spd":0,"spe":252},"happiness":160,"item":"focussash","ivs":{"atk":31,"def":31,"hp":31,"spa":31,"spd":31,"spe":31},"level":100,"moves":["earthquake","ironhead","rapidspin","stealthrock"],"name":"Excadrill","nature":"Serious","species":"Excadrill"},{"ability":"skilllink","evs":{"atk":252,"def":0,"hp":0,"spa":0,"spd":0,"spe":252},"happiness":160,"item":"whiteherb","ivs":{"atk":31,"def":31,"hp":31,"spa":31,"spd":31,"spe":31},"level":100,"moves":["iciclespear","rockblast","liquidation","shellsmash"],"name":"Cloyster","nature":"Adamant","species":"Cloyster"},{"ability":"strongjaw","evs":{"atk":252,"def":0,"hp":0,"spa":0,"spd":0,"spe":252},"gender":"N","happiness":160,"item":"choiceband","ivs":{"atk":31,"def":31,"hp":31,"spa":31,"spd":31,"spe":31},"level":100,"moves":["crunch","psychicfangs","earthquake","fishiousrend"],"name":"Dracovish","nature":"Jolly","species":"Dracovish"}],"p2":"39650","p2rating":1285,"p2team":[{"ability":"snowwarning","evs":{"atk":0,"def":0,"hp":252,"spa":4,"spd":0,"spe":252},"happiness":160,"item":"icyrock","ivs":{"atk":31,"def":31,"hp":31,"spa":31,"spd":31,"spe":31},"level":100,"moves":["auroraveil","blizzard","explosion","taunt"],"name":"Vanilluxe","nature":"Timid","species":"Vanilluxe"},{"ability":"slushrush","evs":{"atk":252,"def":0,"hp":32,"spa":0,"spd":0,"spe":224},"happiness":160,"item":"choiceband","ivs":{"atk":31,"def":31,"hp":31,"spa":31,"spd":31,"spe":31},"level":100,"moves":["iciclecrash","liquidation","playrough","lowkick"],"name":"Beartic","nature":"Jolly","species":"Beartic"},{"ability":"magicguard","evs":{"atk":0,"def":0,"hp":4,"spa":252,"spd":0,"spe":252},"happiness":160,"item":"lifeorb","ivs":{"atk":0,"def":31,"hp":31,"spa":31,"spd":31,"spe":31},"level":100,"moves":["moonblast","moonlight","blizzard","flamethrower"],"name":"Clefable","nature":"Modest","species":"Clefable"},{"ability":"strongjaw","evs":{"atk":252,"def":0,"hp":4,"spa":0,"spd":0,"spe":252},"happiness":160,"item":"choicescarf","ivs":{"atk":31,"def":31,"hp":31,"spa":31,"spd":31,"spe":31},"level":100,"moves":["thunderfang","firefang","psychicfangs","crunch"],"name":"Boltund","nature":"Adamant","species":"Boltund"},{"ability":"marvelscale","evs":{"atk":0,"def":252,"hp":252,"spa":0,"spd":4,"spe":0},"happiness":160,"item":"leftovers","ivs":{"atk":0,"def":31,"hp":31,"spa":31,"spd":31,"spe":31},"level":100,"moves":["scald","recover","haze","hail"],"name":"Milotic","nature":"Bold","species":"Milotic"},{"ability":"ironbarbs","evs":{"atk":8,"def":252,"hp":248,"spa":0,"spd":0,"spe":0},"happiness":160,"item":"rockyhelmet","ivs":{"atk":31,"def":31,"hp":31,"spa":31,"spd":31,"spe":31},"level":100,"moves":["stealthrock","leechseed","powerwhip","protect"],"name":"Ferrothorn","nature":"Impish","species":"Ferrothorn"}],"roomid":1018430,"score":[3,0],"seed":[2363,14127,14486,25241],"timestamp":"Sat Dec 28 2019 19:XX","turns":22,"winner":"3562","rated_battle":true,"average_rating":1318}