{"endType":"forfeit","format":"gen8ou","inputLog":[">version aa9f8c6b9cf4eca780a1296832ecd3b0009641e0",">version-origin 5e8529faaa5905c5f8e15eafaaefa806ee8c7d06",">start {\"formatid\":\"gen8ou\",\"seed\":[51544,35061,31543,60352],\"rated\":\"Rated battle\"}",">player p1 {\"\"name\":\"39548\",\"rating\":1254}",">player p2 {\"\"name\":\"4024\",\"rating\":1325}",">p1 team 1, 2, 3, 4, 5, 6",">p2 team 5, 2, 3, 4, 1, 6",">p1 switch 3",">p2 move substitute",">p1 move strangesteam",">p2 move willowisp",">p1 move strangesteam",">p2 move disable",">p1 switch 3",">p2 move substitute",">p1 move aurawheel",">p2 move willowisp",">p1 move partingshot",">p2 move disable",">p1 switch 3",">p1 move fireblast",">p2 switch 2",">p1 move fireblast",">p2 move bulkup",">p1 move fireblast",">p2 move roost",">p1 switch 4",">p2 move bulkup",">p1 move shadowball",">p2 move bravebird",">p1 move shadowball",">p2 move roost",">p1 move kingsshield",">p2 move bravebird",">p1 move shadowball",">p2 move bravebird",">p1 move shadowball",">p2 move roost",">p1 move shadowball",">p2 move bulkup",">p1 move shadowball",">p2 move roost",">p1 move kingsshield",">p2 move bravebird",">p1 move shadowball",">p2 move roost",">p1 move shadowball",">p2 move roost",">p1 move shadowball",">p2 move bulkup",">p1 move shadowball",">p2 move roost",">p1 move kingsshield",">p2 move substitute",">p1 move shadowball",">p2 move bravebird",">p1 move shadowball",">p2 move bravebird",">p1 switch 6",">p1 move screech",">p2 move roost",">p1 move screech",">p2 move bravebird",">p1 move screech",">p2 move bulkup",">p1 move screech",">p2 move bravebird",">p1 switch 5",">p1 move flareblitz",">p2 move bravebird",">p1 switch 3",">p1 move fakeout",">p2 switch 4",">p1 move aurawheel",">p2 move rapidspin",">p2 switch 3",">p1 move partingshot",">p2 move willowisp",">p1 switch 2",">p1 move stealthrock",">p2 move willowisp",">p1 move leechseed",">p2 move stealthrock",">p1 move leechseed",">p2 move nightshade",">p1 move leechseed",">p2 move nightshade",">p1 move protect",">p2 switch 2",">p1 switch 4",">p2 move substitute",">p1 move defog",">p2 move hex",">p1 move strangesteam",">p2 move hex",">p1 move painsplit",">p2 move hex",">p1 switch 2",">p1 move aurawheel",">p2 move willowisp",">p1 move aurawheel",">p2 move disable",">p1 move psychicfangs",">p2 move hex",">p2 switch 2",">p1 move psychicfangs",">p2 move nightshade",">p1 switch 4"],"log":["|j|\u260639548","|j|\u26064024","|player|p1|39548|pokemaniac|1254","|player|p2|4024|red|1325","|teamsize|p1|6","|teamsize|p2|6","|gametype|singles","|gen|8","|tier|[Gen 8] OU","|rated|","|rule|Sleep Clause Mod: Limit one foe put to sleep","|rule|Species Clause: Limit one of each Pok\u00e9mon","|rule|OHKO Clause: OHKO moves are banned","|rule|Evasion Moves Clause: Evasion moves are banned","|rule|Endless Battle Clause: Forcing endless battles is banned","|rule|HP Percentage Mod: HP is shown in percentages","|clearpoke","|poke|p1|Morpeko, F|","|poke|p1|Ferrothorn, M|","|poke|p1|Weezing-Galar, M|","|poke|p1|Aegislash, M|","|poke|p1|Darmanitan-Galar, M|","|poke|p1|Dugtrio, F|","|poke|p2|Darmanitan-Galar, M|","|poke|p2|Corviknight, M|","|poke|p2|Corsola-Galar, F|","|poke|p2|Excadrill, F|","|poke|p2|Dragapult, M|","|poke|p2|Toxtricity, M|","|rule|Dynamax Clause: You cannot dynamax","|teampreview","|","|start","|switch|p1a: Morpeko|Morpeko, F|258\/258","|switch|p2a: Dragapult|Dragapult, M|379\/379","|turn|1","|","|switch|p1a: Weezing|Weezing-Galar, M, shiny|334\/334","|move|p2a: Dragapult|Substitute|p2a: Dragapult","|-start|p2a: Dragapult|Substitute","|-damage|p2a: Dragapult|285\/379","|","|-heal|p2a: Dragapult|308\/379|[from] item: Leftovers","|upkeep","|turn|2","|","|move|p2a: Dragapult|Will-O-Wisp|p1a: Weezing","|-status|p1a: Weezing|brn","|move|p1a: Weezing|Strange Steam|p2a: Dragapult","|-supereffective|p2a: Dragapult","|-end|p2a: Dragapult|Substitute","|","|-heal|p2a: Dragapult|331\/379|[from] item: Leftovers","|-damage|p1a: Weezing|314\/334 brn|[from] brn","|upkeep","|turn|3","|","|move|p2a: Dragapult|Disable|p1a: Weezing","|-start|p1a: Weezing|Disable|Strange Steam","|cant|p1a: Weezing|Disable|Strange Steam","|","|-heal|p2a: Dragapult|354\/379|[from] item: Leftovers","|-heal|p1a: Weezing|334\/334 brn|[from] item: Black Sludge","|-damage|p1a: Weezing|314\/334 brn|[from] brn","|upkeep","|turn|4","|","|switch|p1a: Morpeko|Morpeko, F|258\/258","|move|p2a: Dragapult|Substitute|p2a: Dragapult","|-start|p2a: Dragapult|Substitute","|-damage|p2a: Dragapult|260\/379","|","|-heal|p2a: Dragapult|283\/379|[from] item: Leftovers","|-formechange|p1a: Morpeko|Morpeko-Hangry||[from] ability: Hunger Switch","|upkeep","|turn|5","|","|move|p2a: Dragapult|Will-O-Wisp|p1a: Morpeko|[miss]","|-miss|p2a: Dragapult|p1a: Morpeko","|move|p1a: Morpeko|Aura Wheel|p2a: Dragapult","|-supereffective|p2a: Dragapult","|-end|p2a: Dragapult|Substitute","|-boost|p1a: Morpeko|spe|1","|-damage|p1a: Morpeko|233\/258|[from] item: Life Orb","|","|-heal|p2a: Dragapult|306\/379|[from] item: Leftovers","|-formechange|p1a: Morpeko|Morpeko||[from] ability: Hunger Switch","|upkeep","|turn|6","|","|move|p1a: Morpeko|Parting Shot|p2a: Dragapult","|-unboost|p2a: Dragapult|atk|1","|-unboost|p2a: Dragapult|spa|1","|","|switch|p1a: Weezing|Weezing-Galar, M, shiny|314\/334 brn","|move|p2a: Dragapult|Disable||[still]","|-fail|p2a: Dragapult","|","|-heal|p2a: Dragapult|329\/379|[from] item: Leftovers","|-heal|p1a: Weezing|334\/334 brn|[from] item: Black Sludge","|-damage|p1a: Weezing|314\/334 brn|[from] brn","|upkeep","|turn|7","|","|switch|p2a: Corviknight|Corviknight, M|399\/399","|-ability|p2a: Corviknight|Pressure","|move|p1a: Weezing|Fire Blast|p2a: Corviknight","|-supereffective|p2a: Corviknight","|-damage|p2a: Corviknight|269\/399","|","|-heal|p2a: Corviknight|293\/399|[from] item: Leftovers","|-heal|p1a: Weezing|334\/334 brn|[from] item: Black Sludge","|-damage|p1a: Weezing|314\/334 brn|[from] brn","|upkeep","|turn|8","|","|move|p2a: Corviknight|Bulk Up|p2a: Corviknight","|-boost|p2a: Corviknight|atk|1","|-boost|p2a: Corviknight|def|1","|move|p1a: Weezing|Fire Blast|p2a: Corviknight","|-supereffective|p2a: Corviknight","|-damage|p2a: Corviknight|175\/399","|","|-heal|p2a: Corviknight|199\/399|[from] item: Leftovers","|-heal|p1a: Weezing|334\/334 brn|[from] item: Black Sludge","|-damage|p1a: Weezing|314\/334 brn|[from] brn","|upkeep","|turn|9","|","|move|p2a: Corviknight|Roost|p2a: Corviknight","|-heal|p2a: Corviknight|399\/399","|-singleturn|p2a: Corviknight|move: Roost","|move|p1a: Weezing|Fire Blast|p2a: Corviknight","|-supereffective|p2a: Corviknight","|-damage|p2a: Corviknight|279\/399","|","|-heal|p2a: Corviknight|303\/399|[from] item: Leftovers","|-heal|p1a: Weezing|334\/334 brn|[from] item: Black Sludge","|-damage|p1a: Weezing|314\/334 brn|[from] brn","|upkeep","|turn|10","|","|switch|p1a: Aegislash|Aegislash, M|324\/324","|-item|p1a: Aegislash|Air Balloon","|move|p2a: Corviknight|Bulk Up|p2a: Corviknight","|-boost|p2a: Corviknight|atk|1","|-boost|p2a: Corviknight|def|1","|","|-heal|p2a: Corviknight|327\/399|[from] item: Leftovers","|upkeep","|turn|11","|","|move|p2a: Corviknight|Brave Bird|p1a: Aegislash","|-resisted|p1a: Aegislash","|-damage|p1a: Aegislash|224\/324","|-enditem|p1a: Aegislash|Air Balloon","|-damage|p2a: Corviknight|294\/399|[from] Recoil","|-formechange|p1a: Aegislash|Aegislash-Blade||[from] ability: Stance Change","|move|p1a: Aegislash|Shadow Ball|p2a: Corviknight","|-damage|p2a: Corviknight|167\/399","|","|-heal|p2a: Corviknight|191\/399|[from] item: Leftovers","|upkeep","|turn|12","|","|move|p2a: Corviknight|Roost|p2a: Corviknight","|-heal|p2a: Corviknight|391\/399","|-singleturn|p2a: Corviknight|move: Roost","|move|p1a: Aegislash|Shadow Ball|p2a: Corviknight","|-damage|p2a: Corviknight|258\/399","|","|-heal|p2a: Corviknight|282\/399|[from] item: Leftovers","|upkeep","|turn|13","|","|-formechange|p1a: Aegislash|Aegislash||[from] ability: Stance Change","|move|p1a: Aegislash|King's Shield|p1a: Aegislash","|-singleturn|p1a: Aegislash|Protect","|move|p2a: Corviknight|Brave Bird|p1a: Aegislash","|-activate|p1a: Aegislash|move: Protect","|-unboost|p2a: Corviknight|atk|1","|","|-heal|p2a: Corviknight|306\/399|[from] item: Leftovers","|upkeep","|turn|14","|","|move|p2a: Corviknight|Brave Bird|p1a: Aegislash","|-resisted|p1a: Aegislash","|-damage|p1a: Aegislash|158\/324","|-damage|p2a: Corviknight|284\/399|[from] Recoil","|-formechange|p1a: Aegislash|Aegislash-Blade||[from] ability: Stance Change","|move|p1a: Aegislash|Shadow Ball|p2a: Corviknight","|-damage|p2a: Corviknight|143\/399","|","|-heal|p2a: Corviknight|167\/399|[from] item: Leftovers","|upkeep","|turn|15","|","|move|p2a: Corviknight|Roost|p2a: Corviknight","|-heal|p2a: Corviknight|367\/399","|-singleturn|p2a: Corviknight|move: Roost","|move|p1a: Aegislash|Shadow Ball|p2a: Corviknight","|-damage|p2a: Corviknight|240\/399","|","|-heal|p2a: Corviknight|264\/399|[from] item: Leftovers","|upkeep","|turn|16","|","|move|p2a: Corviknight|Bulk Up|p2a: Corviknight","|-boost|p2a: Corviknight|atk|1","|-boost|p2a: Corviknight|def|1","|move|p1a: Aegislash|Shadow Ball|p2a: Corviknight","|-damage|p2a: Corviknight|123\/399","|","|-heal|p2a: Corviknight|147\/399|[from] item: Leftovers","|upkeep","|turn|17","|","|move|p2a: Corviknight|Roost|p2a: Corviknight","|-heal|p2a: Corviknight|347\/399","|-singleturn|p2a: Corviknight|move: Roost","|move|p1a: Aegislash|Shadow Ball|p2a: Corviknight","|-damage|p2a: Corviknight|208\/399","|","|-heal|p2a: Corviknight|232\/399|[from] item: Leftovers","|upkeep","|turn|18","|","|-formechange|p1a: Aegislash|Aegislash||[from] ability: Stance Change","|move|p1a: Aegislash|King's Shield|p1a: Aegislash","|-singleturn|p1a: Aegislash|Protect","|move|p2a: Corviknight|Brave Bird|p1a: Aegislash","|-activate|p1a: Aegislash|move: Protect","|-unboost|p2a: Corviknight|atk|1","|","|-heal|p2a: Corviknight|256\/399|[from] item: Leftovers","|upkeep","|turn|19","|","|move|p2a: Corviknight|Roost|p2a: Corviknight","|-heal|p2a: Corviknight|399\/399","|-singleturn|p2a: Corviknight|move: Roost","|-formechange|p1a: Aegislash|Aegislash-Blade||[from] ability: Stance Change","|move|p1a: Aegislash|Shadow Ball|p2a: Corviknight","|-damage|p2a: Corviknight|275\/399","|","|-heal|p2a: Corviknight|299\/399|[from] item: Leftovers","|upkeep","|turn|20","|","|move|p2a: Corviknight|Roost|p2a: Corviknight","|-heal|p2a: Corviknight|399\/399","|-singleturn|p2a: Corviknight|move: Roost","|move|p1a: Aegislash|Shadow Ball|p2a: Corviknight","|-damage|p2a: Corviknight|278\/399","|","|-heal|p2a: Corviknight|302\/399|[from] item: Leftovers","|upkeep","|turn|21","|","|move|p2a: Corviknight|Bulk Up|p2a: Corviknight","|-boost|p2a: Corviknight|atk|1","|-boost|p2a: Corviknight|def|1","|move|p1a: Aegislash|Shadow Ball|p2a: Corviknight","|-damage|p2a: Corviknight|158\/399","|","|-heal|p2a: Corviknight|182\/399|[from] item: Leftovers","|upkeep","|turn|22","|","|move|p2a: Corviknight|Roost|p2a: Corviknight","|-heal|p2a: Corviknight|382\/399","|-singleturn|p2a: Corviknight|move: Roost","|move|p1a: Aegislash|Shadow Ball|p2a: Corviknight","|-damage|p2a: Corviknight|255\/399","|-unboost|p2a: Corviknight|spd|1","|","|-heal|p2a: Corviknight|279\/399|[from] item: Leftovers","|upkeep","|turn|23","|","|-formechange|p1a: Aegislash|Aegislash||[from] ability: Stance Change","|move|p1a: Aegislash|King's Shield|p1a: Aegislash","|-singleturn|p1a: Aegislash|Protect","|move|p2a: Corviknight|Substitute|p2a: Corviknight","|-start|p2a: Corviknight|Substitute","|-damage|p2a: Corviknight|180\/399","|","|-heal|p2a: Corviknight|204\/399|[from] item: Leftovers","|upkeep","|turn|24","|","|move|p2a: Corviknight|Brave Bird|p1a: Aegislash","|-resisted|p1a: Aegislash","|-damage|p1a: Aegislash|64\/324","|-damage|p2a: Corviknight|173\/399|[from] Recoil","|-formechange|p1a: Aegislash|Aegislash-Blade||[from] ability: Stance Change","|move|p1a: Aegislash|Shadow Ball|p2a: Corviknight","|-end|p2a: Corviknight|Substitute","|","|-heal|p2a: Corviknight|197\/399|[from] item: Leftovers","|upkeep","|turn|25","|","|move|p2a: Corviknight|Brave Bird|p1a: Aegislash","|-resisted|p1a: Aegislash","|-damage|p1a: Aegislash|0 fnt","|-damage|p2a: Corviknight|176\/399|[from] Recoil","|faint|p1a: Aegislash","|","|-heal|p2a: Corviknight|200\/399|[from] item: Leftovers","|upkeep","|","|switch|p1a: Dugtrio|Dugtrio, F, shiny|212\/212","|turn|26","|","|move|p1a: Dugtrio|Screech|p2a: Corviknight","|-unboost|p2a: Corviknight|def|2","|move|p2a: Corviknight|Roost|p2a: Corviknight","|-heal|p2a: Corviknight|399\/399","|-singleturn|p2a: Corviknight|move: Roost","|","|upkeep","|turn|27","|","|move|p1a: Dugtrio|Screech|p2a: Corviknight|[miss]","|-miss|p1a: Dugtrio|p2a: Corviknight","|move|p2a: Corviknight|Brave Bird|p1a: Dugtrio","|-enditem|p1a: Dugtrio|Focus Sash","|-damage|p1a: Dugtrio|1\/212","|-damage|p2a: Corviknight|329\/399|[from] Recoil","|","|-heal|p2a: Corviknight|353\/399|[from] item: Leftovers","|upkeep","|turn|28","|","|move|p1a: Dugtrio|Screech|p2a: Corviknight|[miss]","|-miss|p1a: Dugtrio|p2a: Corviknight","|move|p2a: Corviknight|Bulk Up|p2a: Corviknight","|-boost|p2a: Corviknight|atk|1","|-boost|p2a: Corviknight|def|1","|","|-heal|p2a: Corviknight|377\/399|[from] item: Leftovers","|upkeep","|turn|29","|","|move|p1a: Dugtrio|Screech|p2a: Corviknight","|-unboost|p2a: Corviknight|def|2","|move|p2a: Corviknight|Brave Bird|p1a: Dugtrio","|-damage|p1a: Dugtrio|0 fnt","|-damage|p2a: Corviknight|376\/399|[from] Recoil","|faint|p1a: Dugtrio","|","|-heal|p2a: Corviknight|399\/399|[from] item: Leftovers","|upkeep","|","|switch|p1a: Darmanitan|Darmanitan-Galar, M|352\/352","|turn|30","|","|move|p1a: Darmanitan|Flare Blitz|p2a: Corviknight","|-supereffective|p2a: Corviknight","|-damage|p2a: Corviknight|129\/399","|-damage|p1a: Darmanitan|263\/352|[from] Recoil","|move|p2a: Corviknight|Brave Bird|p1a: Darmanitan","|-damage|p1a: Darmanitan|0 fnt","|-damage|p2a: Corviknight|42\/399|[from] Recoil","|faint|p1a: Darmanitan","|","|-heal|p2a: Corviknight|66\/399|[from] item: Leftovers","|upkeep","|","|switch|p1a: Morpeko|Morpeko, F|233\/258","|turn|31","|","|switch|p2a: Excadrill|Excadrill, F|362\/362","|-ability|p2a: Excadrill|Mold Breaker","|move|p1a: Morpeko|Fake Out|p2a: Excadrill","|-resisted|p2a: Excadrill","|-damage|p2a: Excadrill|322\/362","|-damage|p1a: Morpeko|208\/258|[from] item: Life Orb","|","|-formechange|p1a: Morpeko|Morpeko-Hangry||[from] ability: Hunger Switch","|upkeep","|turn|32","|","|move|p1a: Morpeko|Aura Wheel|p2a: Excadrill","|-damage|p2a: Excadrill|0 fnt","|-boost|p1a: Morpeko|spe|1","|-damage|p1a: Morpeko|183\/258|[from] item: Life Orb","|faint|p2a: Excadrill","|","|-formechange|p1a: Morpeko|Morpeko||[from] ability: Hunger Switch","|upkeep","|","|switch|p2a: Corsola|Corsola-Galar, F|324\/324","|turn|33","|","|move|p1a: Morpeko|Parting Shot|p2a: Corsola","|-unboost|p2a: Corsola|atk|1","|-unboost|p2a: Corsola|spa|1","|","|switch|p1a: Ferrothorn|Ferrothorn, M|352\/352","|move|p2a: Corsola|Will-O-Wisp|p1a: Ferrothorn|[miss]","|-miss|p2a: Corsola|p1a: Ferrothorn","|","|upkeep","|turn|34","|","|move|p2a: Corsola|Will-O-Wisp|p1a: Ferrothorn","|-status|p1a: Ferrothorn|brn","|move|p1a: Ferrothorn|Stealth Rock|p2a: Corsola","|-sidestart4024|move: Stealth Rock","|","|-damage|p1a: Ferrothorn|330\/352 brn|[from] brn","|upkeep","|turn|35","|","|move|p2a: Corsola|Stealth Rock|p1a: Ferrothorn","|-sidestart39548|move: Stealth Rock","|move|p1a: Ferrothorn|Leech Seed|p2a: Corsola|[miss]","|-miss|p1a: Ferrothorn|p2a: Corsola","|","|-heal|p1a: Ferrothorn|352\/352 brn|[from] item: Leftovers","|-damage|p1a: Ferrothorn|330\/352 brn|[from] brn","|upkeep","|turn|36","|","|move|p2a: Corsola|Night Shade|p1a: Ferrothorn","|-damage|p1a: Ferrothorn|230\/352 brn","|move|p1a: Ferrothorn|Leech Seed|p2a: Corsola|[miss]","|-miss|p1a: Ferrothorn|p2a: Corsola","|","|-heal|p1a: Ferrothorn|252\/352 brn|[from] item: Leftovers","|-damage|p1a: Ferrothorn|230\/352 brn|[from] brn","|upkeep","|turn|37","|","|move|p2a: Corsola|Night Shade|p1a: Ferrothorn","|-damage|p1a: Ferrothorn|130\/352 brn","|move|p1a: Ferrothorn|Leech Seed|p2a: Corsola","|-start|p2a: Corsola|move: Leech Seed","|","|-heal|p1a: Ferrothorn|152\/352 brn|[from] item: Leftovers","|-damage|p2a: Corsola|284\/324|[from] Leech Seed|[of] p1a: Ferrothorn","|-heal|p1a: Ferrothorn|192\/352 brn|[silent]","|-damage|p1a: Ferrothorn|170\/352 brn|[from] brn","|upkeep","|turn|38","|","|switch|p2a: Dragapult|Dragapult, M|329\/379","|-damage|p2a: Dragapult|282\/379|[from] Stealth Rock","|move|p1a: Ferrothorn|Protect||[still]","|-fail|p1a: Ferrothorn","|","|-heal|p2a: Dragapult|305\/379|[from] item: Leftovers","|-heal|p1a: Ferrothorn|192\/352 brn|[from] item: Leftovers","|-damage|p1a: Ferrothorn|170\/352 brn|[from] brn","|upkeep","|turn|39","|","|switch|p1a: Weezing|Weezing-Galar, M, shiny|314\/334 brn","|-damage|p1a: Weezing|273\/334 brn|[from] Stealth Rock","|move|p2a: Dragapult|Substitute|p2a: Dragapult","|-start|p2a: Dragapult|Substitute","|-damage|p2a: Dragapult|211\/379","|","|-heal|p2a: Dragapult|234\/379|[from] item: Leftovers","|-heal|p1a: Weezing|293\/334 brn|[from] item: Black Sludge","|-damage|p1a: Weezing|273\/334 brn|[from] brn","|upkeep","|turn|40","|","|move|p2a: Dragapult|Hex|p1a: Weezing","|-damage|p1a: Weezing|146\/334 brn","|move|p1a: Weezing|Defog|p2a: Dragapult","|-sideend4024|Stealth Rock|[from] move: Defog|[of] p1a: Weezing","|-sideend39548|Stealth Rock|[from] move: Defog|[of] p1a: Weezing","|","|-heal|p2a: Dragapult|257\/379|[from] item: Leftovers","|-heal|p1a: Weezing|166\/334 brn|[from] item: Black Sludge","|-damage|p1a: Weezing|146\/334 brn|[from] brn","|upkeep","|turn|41","|","|move|p2a: Dragapult|Hex|p1a: Weezing","|-damage|p1a: Weezing|10\/334 brn","|move|p1a: Weezing|Strange Steam|p2a: Dragapult","|-supereffective|p2a: Dragapult","|-end|p2a: Dragapult|Substitute","|","|-heal|p2a: Dragapult|280\/379|[from] item: Leftovers","|-heal|p1a: Weezing|30\/334 brn|[from] item: Black Sludge","|-damage|p1a: Weezing|10\/334 brn|[from] brn","|upkeep","|turn|42","|","|move|p2a: Dragapult|Hex|p1a: Weezing","|-damage|p1a: Weezing|0 fnt","|faint|p1a: Weezing","|","|-heal|p2a: Dragapult|303\/379|[from] item: Leftovers","|upkeep","|","|switch|p1a: Morpeko|Morpeko, F|183\/258","|turn|43","|","|move|p2a: Dragapult|Will-O-Wisp|p1a: Morpeko","|-status|p1a: Morpeko|brn","|move|p1a: Morpeko|Aura Wheel|p2a: Dragapult","|-resisted|p2a: Dragapult","|-damage|p2a: Dragapult|234\/379","|-boost|p1a: Morpeko|spe|1","|-damage|p1a: Morpeko|158\/258 brn|[from] item: Life Orb","|","|-heal|p2a: Dragapult|257\/379|[from] item: Leftovers","|-damage|p1a: Morpeko|142\/258 brn|[from] brn","|-formechange|p1a: Morpeko|Morpeko-Hangry||[from] ability: Hunger Switch","|upkeep","|turn|44","|","|move|p1a: Morpeko|Aura Wheel|p2a: Dragapult","|-supereffective|p2a: Dragapult","|-damage|p2a: Dragapult|10\/379","|-boost|p1a: Morpeko|spe|1","|-damage|p1a: Morpeko|117\/258 brn|[from] item: Life Orb","|move|p2a: Dragapult|Disable|p1a: Morpeko","|-start|p1a: Morpeko|Disable|Aura Wheel","|","|-heal|p2a: Dragapult|33\/379|[from] item: Leftovers","|-damage|p1a: Morpeko|101\/258 brn|[from] brn","|-formechange|p1a: Morpeko|Morpeko||[from] ability: Hunger Switch","|upkeep","|turn|45","|","|move|p1a: Morpeko|Psychic Fangs|p2a: Dragapult","|-damage|p2a: Dragapult|0 fnt","|-damage|p1a: Morpeko|76\/258 brn|[from] item: Life Orb","|faint|p2a: Dragapult","|","|-damage|p1a: Morpeko|60\/258 brn|[from] brn","|-formechange|p1a: Morpeko|Morpeko-Hangry||[from] ability: Hunger Switch","|upkeep","|","|switch|p2a: Corsola|Corsola-Galar, F|284\/324","|turn|46","|","|move|p1a: Morpeko|Psychic Fangs|p2a: Corsola","|-damage|p2a: Corsola|252\/324","|-damage|p1a: Morpeko|35\/258 brn|[from] item: Life Orb","|move|p2a: Corsola|Night Shade|p1a: Morpeko","|-damage|p1a: Morpeko|0 fnt","|faint|p1a: Morpeko","|","|upkeep","|","|switch|p1a: Ferrothorn|Ferrothorn, M|170\/352 brn","|turn|47","|-message|39548 forfeited.","|","|win|4024","|l|\u260639548","|raw|39548's rating: 1254 &rarr; <strong>1234<\/strong><br \/>(-20 for losing)","|raw|4024's rating: 1325 &rarr; <strong>1341<\/strong><br \/>(+16 for winning)",""],"p1":"39548","p1rating":1254,"p1team":[{"ability":"hungerswitch","evs":{"atk":252,"def":0,"hp":4,"spa":0,"spd":0,"spe":252},"happiness":160,"item":"lifeorb","ivs":{"atk":31,"def":31,"hp":31,"spa":31,"spd":31,"spe":31},"level":100,"moves":["aurawheel","fakeout","partingshot","psychicfangs"],"name":"Morpeko","nature":"Jolly","species":"Morpeko"},{"ability":"ironbarbs","evs":{"atk":0,"def":252,"hp":252,"spa":0,"spd":4,"spe":0},"gender":"M","happiness":160,"item":"leftovers","ivs":{"atk":31,"def":31,"hp":31,"spa":31,"spd":31,"spe":31},"level":100,"moves":["leechseed","powerwhip","protect","stealthrock"],"name":"Ferrothorn","nature":"Impish","species":"Ferrothorn"},{"ability":"levitate","evs":{"atk":0,"def":0,"hp":252,"spa":0,"spd":252,"spe":4},"gender":"M","happiness":160,"item":"blacksludge","ivs":{"atk":0,"def":31,"hp":31,"spa":31,"spd":31,"spe":31},"level":100,"moves":["defog","fireblast","strangesteam","painsplit"],"name":"Weezing","nature":"Calm","shiny":true,"species":"weezinggalar"},{"ability":"stancechange","evs":{"atk":0,"def":0,"hp":252,"spa":252,"spd":0,"spe":4},"gender":"M","happiness":160,"item":"airballoon","ivs":{"atk":31,"def":31,"hp":31,"spa":31,"spd":31,"spe":31},"level":100,"moves":["kingsshield","flashcannon","shadowball","shadowsneak"],"name":"Aegislash","nature":"Modest","species":"Aegislash"},{"ability":"gorillatactics","evs":{"atk":252,"def":0,"hp":4,"spa":0,"spd":0,"spe":252},"happiness":160,"item":"choicescarf","ivs":{"atk":31,"def":31,"hp":31,"spa":31,"spd":31,"spe":31},"level":100,"moves":["iciclecrash","earthquake","flareblitz","uturn"],"name":"Darmanitan","nature":"Jolly","species":"darmanitangalar"},{"ability":"arenatrap","evs":{"atk":252,"def":0,"hp":4,"spa":0,"spd":0,"spe":252},"gender":"F","happiness":160,"item":"focussash","ivs":{"atk":31,"def":31,"hp":31,"spa":31,"spd":31,"spe":31},"level":100,"moves":["earthquake","reversal","screech","suckerpunch"],"name":"Dugtrio","nature":"Jolly","shiny":true,"species":"Dugtrio"}],"p2":"4024","p2rating":1325,"p2team":[{"ability":"gorillatactics","evs":{"atk":252,"def":0,"hp":4,"spa":0,"spd":0,"spe":252},"gender":"M","happiness":160,"item":"choicescarf","ivs":{"atk":31,"def":31,"hp":31,"spa":31,"spd":31,"spe":31},"level":100,"moves":["iciclecrash","earthquake","flareblitz","uturn"],"name":"Darmanitan","nature":"Jolly","species":"darmanitangalar"},{"ability":"pressure","evs":{"atk":8,"def":0,"hp":248,"spa":0,"spd":252,"spe":0},"gender":"M","happiness":160,"item":"leftovers","ivs":{"atk":31,"def":31,"hp":31,"spa":31,"spd":31,"spe":31},"level":100,"moves":["bulkup","substitute","roost","bravebird"],"name":"Corviknight","nature":"Careful","species":"Corviknight"},{"ability":"cursedbody","evs":{"atk":0,"def":128,"hp":252,"spa":0,"spd":128,"spe":0},"gender":"F","happiness":160,"item":"eviolite","ivs":{"atk":0,"def":31,"hp":31,"spa":31,"spd":31,"spe":31},"level":100,"moves":["strengthsap","willowisp","nightshade","stealthrock"],"name":"Corsola","nature":"Calm","species":"corsolagalar"},{"ability":"moldbreaker","evs":{"atk":252,"def":0,"hp":4,"spa":0,"spd":0,"spe":252},"gender":"F","happiness":160,"item":"lifeorb","ivs":{"atk":31,"def":31,"hp":31,"spa":31,"spd":31,"spe":31},"level":100,"moves":["rapidspin","earthquake","rockslide","ironhead"],"name":"Excadrill","nature":"Jolly","species":"Excadrill"},{"ability":"cursedbody","evs":{"atk":0,"def":0,"hp":248,"spa":8,"spd":0,"spe":252},"gender":"M","happiness":160,"item":"leftovers","ivs":{"atk":0,"def":31,"hp":31,"spa":31,"spd":31,"spe":31},"level":100,"moves":["willowisp","hex","substitute","disable"],"name":"Dragapult","nature":"Timid","species":"Dragapult"},{"ability":"punkrock","evs":{"atk":0,"def":0,"hp":4,"spa":252,"spd":0,"spe":252},"gender":"M","happiness":160,"item":"choicescarf","ivs":{"atk":0,"def":31,"hp":31,"spa":31,"spd":31,"spe":31},"level":100,"moves":["boomburst","overdrive","sludgebomb","voltswitch"],"name":"Toxtricity","nature":"Timid","species":"Toxtricity"}],"roomid":1020854,"score":[1,4],"seed":[51544,35061,31543,60352],"timestamp":"Sat Dec 28 2019 04:XX","turns":47,"winner":"4024","rated_battle":true,"average_rating":1289}