{"endType":"normal","format":"gen8ou","inputLog":[">version aa9f8c6b9cf4eca780a1296832ecd3b0009641e0",">version-origin 5e8529faaa5905c5f8e15eafaaefa806ee8c7d06",">start {\"formatid\":\"gen8ou\",\"seed\":[10394,8833,36711,22722],\"rated\":\"Rated battle\"}",">player p1 {\"\"name\":\"30569\",\"rating\":1401}",">player p2 {\"\"name\":\"30570\",\"rating\":1344}",">p1 team 6, 2, 3, 4, 5, 1",">p2 team 5, 2, 3, 4, 1, 6",">p1 move uturn",">p2 move stoneedge",">p1 switch 4",">p1 move hydropump",">p2 switch 4",">p1 move thunderwave",">p2 move nightshade",">p1 move voltswitch",">p2 move willowisp",">p1 switch 2",">p1 move stealthrock",">p2 move willowisp",">p1 move roar",">p2 move nightshade",">p1 move earthquake",">p2 move stealthrock",">p1 switch 4",">p2 move stoneedge",">p1 move darkpulse",">p2 move stoneedge",">p1 switch 4",">p2 move stoneedge",">p1 move roar",">p2 move earthquake",">p1 move slackoff",">p2 move freezedry",">p1 switch 4",">p1 move darkpulse",">p2 move freezedry",">p1 switch 3",">p1 move psychic",">p2 switch 3",">p1 switch 2",">p2 move swordsdance",">p1 move willowisp",">p2 move shadowsneak",">p1 switch 5",">p1 move shadowclaw",">p2 move shadowsneak",">p1 move shadowsneak",">p2 move shadowsneak",">p2 switch 6",">p1 move shadowclaw",">p2 move earthquake",">p1 switch 6",">p1 move flashcannon",">p2 move earthquake",">p2 switch 4",">p1 move nastyplot",">p2 move nightshade",">p1 move flashcannon",">p2 move nightshade",">p1 move flashcannon",">p2 move nightshade",">p2 switch 3",">p1 switch 2",">p2 move psychic",">p1 move psychic",">p2 switch 5",">p1 move psychic",">p2 move bodyslam",">p2 switch 2",">p1 move psychic",">p2 move thunderbolt",">p2 switch 5",">p1 move psychic",">p2 move freezedry",">p1 move psychic",">p2 move freezedry",">p1 switch 2",">p1 move vacuumwave",">p2 move freezedry"],"log":["|j|\u260630569","|j|\u260630570","|player|p1|30569|1|1401","|player|p2|30570|121|1344","|teamsize|p1|6","|teamsize|p2|6","|gametype|singles","|gen|8","|tier|[Gen 8] OU","|rated|","|rule|Sleep Clause Mod: Limit one foe put to sleep","|rule|Species Clause: Limit one of each Pok\u00e9mon","|rule|OHKO Clause: OHKO moves are banned","|rule|Evasion Moves Clause: Evasion moves are banned","|rule|Endless Battle Clause: Forcing endless battles is banned","|rule|HP Percentage Mod: HP is shown in percentages","|clearpoke","|poke|p1|Lucario, F|","|poke|p1|Hippowdon, F|","|poke|p1|Reuniclus, M|","|poke|p1|Rotom-Wash|","|poke|p1|Mimikyu, F|","|poke|p1|Hydreigon, M|","|poke|p2|Munchlax, M|","|poke|p2|Pikachu, F|","|poke|p2|Doublade, F|","|poke|p2|Dusclops, M|","|poke|p2|Rhydon, F|","|poke|p2|Mr. Mime-Galar, M|","|rule|Dynamax Clause: You cannot dynamax","|teampreview","|","|start","|switch|p1a: Hydreigon|Hydreigon, M|325\/325","|switch|p2a: Rhydon|Rhydon, F|352\/352","|turn|1","|","|move|p1a: Hydreigon|U-turn|p2a: Rhydon","|-damage|p2a: Rhydon|324\/352","|","|switch|p1a: Rotom|Rotom-Wash|304\/304","|move|p2a: Rhydon|Stone Edge|p1a: Rotom","|-crit|p1a: Rotom","|-damage|p1a: Rotom|120\/304","|","|-heal|p1a: Rotom|139\/304|[from] item: Leftovers","|upkeep","|turn|2","|","|switch|p2a: Dusclops|Dusclops, M|284\/284","|-ability|p2a: Dusclops|Pressure","|move|p1a: Rotom|Hydro Pump|p2a: Dusclops|[miss]","|-miss|p1a: Rotom|p2a: Dusclops","|","|-heal|p1a: Rotom|158\/304|[from] item: Leftovers","|upkeep","|turn|3","|","|move|p1a: Rotom|Thunder Wave|p2a: Dusclops","|-status|p2a: Dusclops|par","|move|p2a: Dusclops|Night Shade|p1a: Rotom","|-damage|p1a: Rotom|58\/304","|","|-heal|p1a: Rotom|77\/304|[from] item: Leftovers","|upkeep","|turn|4","|","|move|p1a: Rotom|Volt Switch|p2a: Dusclops","|-damage|p2a: Dusclops|245\/284 par","|","|switch|p1a: Hippowdon|Hippowdon, F|420\/420","|-weather|Sandstorm|[from] ability: Sand Stream|[of] p1a: Hippowdon","|move|p2a: Dusclops|Will-O-Wisp|p1a: Hippowdon|[miss]","|-miss|p2a: Dusclops|p1a: Hippowdon","|","|-weather|Sandstorm|[upkeep]","|-damage|p2a: Dusclops|228\/284 par|[from] Sandstorm","|upkeep","|turn|5","|","|move|p1a: Hippowdon|Stealth Rock|p2a: Dusclops","|-sidestart30570|move: Stealth Rock","|move|p2a: Dusclops|Will-O-Wisp|p1a: Hippowdon","|-status|p1a: Hippowdon|brn","|","|-weather|Sandstorm|[upkeep]","|-damage|p2a: Dusclops|211\/284 par|[from] Sandstorm","|-damage|p1a: Hippowdon|394\/420 brn|[from] brn","|upkeep","|turn|6","|","|cant|p2a: Dusclops|par","|move|p1a: Hippowdon|Roar|p2a: Dusclops","|drag|p2a: Rhydon|Rhydon, F|324\/352","|-damage|p2a: Rhydon|302\/352|[from] Stealth Rock","|","|-weather|Sandstorm|[upkeep]","|-heal|p1a: Hippowdon|420\/420 brn|[from] item: Leftovers","|-damage|p1a: Hippowdon|394\/420 brn|[from] brn","|upkeep","|turn|7","|","|move|p1a: Hippowdon|Earthquake|p2a: Rhydon","|-supereffective|p2a: Rhydon","|-damage|p2a: Rhydon|230\/352","|move|p2a: Rhydon|Stealth Rock|p1a: Hippowdon","|-sidestart30569|move: Stealth Rock","|","|-weather|Sandstorm|[upkeep]","|-heal|p1a: Hippowdon|420\/420 brn|[from] item: Leftovers","|-damage|p1a: Hippowdon|394\/420 brn|[from] brn","|upkeep","|turn|8","|","|switch|p1a: Hydreigon|Hydreigon, M|325\/325","|-damage|p1a: Hydreigon|285\/325|[from] Stealth Rock","|move|p2a: Rhydon|Stone Edge|p1a: Hydreigon","|-damage|p1a: Hydreigon|77\/325","|","|-weather|none","|upkeep","|turn|9","|","|move|p1a: Hydreigon|Dark Pulse|p2a: Rhydon","|-damage|p2a: Rhydon|122\/352","|move|p2a: Rhydon|Stone Edge|p1a: Hydreigon|[miss]","|-miss|p2a: Rhydon|p1a: Hydreigon","|","|upkeep","|turn|10","|","|switch|p1a: Hippowdon|Hippowdon, F|394\/420 brn","|-damage|p1a: Hippowdon|368\/420 brn|[from] Stealth Rock","|-weather|Sandstorm|[from] ability: Sand Stream|[of] p1a: Hippowdon","|move|p2a: Rhydon|Stone Edge|p1a: Hippowdon","|-resisted|p1a: Hippowdon","|-damage|p1a: Hippowdon|303\/420 brn","|","|-weather|Sandstorm|[upkeep]","|-heal|p1a: Hippowdon|329\/420 brn|[from] item: Leftovers","|-damage|p1a: Hippowdon|303\/420 brn|[from] brn","|upkeep","|turn|11","|","|move|p2a: Rhydon|Earthquake|p1a: Hippowdon","|-damage|p1a: Hippowdon|180\/420 brn","|move|p1a: Hippowdon|Roar|p2a: Rhydon","|drag|p2a: Mr. Mime|Mr. Mime-Galar, M|241\/241","|-damage|p2a: Mr. Mime|181\/241|[from] Stealth Rock","|","|-weather|Sandstorm|[upkeep]","|-damage|p2a: Mr. Mime|166\/241|[from] Sandstorm","|-heal|p1a: Hippowdon|206\/420 brn|[from] item: Leftovers","|-damage|p1a: Hippowdon|180\/420 brn|[from] brn","|upkeep","|turn|12","|","|move|p2a: Mr. Mime|Freeze-Dry|p1a: Hippowdon","|-supereffective|p1a: Hippowdon","|-damage|p1a: Hippowdon|0 fnt","|faint|p1a: Hippowdon","|","|-weather|Sandstorm|[upkeep]","|-damage|p2a: Mr. Mime|151\/241|[from] Sandstorm","|upkeep","|","|switch|p1a: Hydreigon|Hydreigon, M|77\/325","|-damage|p1a: Hydreigon|37\/325|[from] Stealth Rock","|turn|13","|","|move|p2a: Mr. Mime|Freeze-Dry|p1a: Hydreigon","|-supereffective|p1a: Hydreigon","|-damage|p1a: Hydreigon|0 fnt","|faint|p1a: Hydreigon","|","|-weather|Sandstorm|[upkeep]","|-damage|p2a: Mr. Mime|136\/241|[from] Sandstorm","|upkeep","|","|switch|p1a: Reuniclus|Reuniclus, M|424\/424","|turn|14","|","|switch|p2a: Doublade|Doublade, F|322\/322","|-damage|p2a: Doublade|302\/322|[from] Stealth Rock","|move|p1a: Reuniclus|Psychic|p2a: Doublade","|-resisted|p2a: Doublade","|-damage|p2a: Doublade|163\/322","|","|-weather|none","|upkeep","|turn|15","|","|switch|p1a: Rotom|Rotom-Wash|77\/304","|-damage|p1a: Rotom|39\/304|[from] Stealth Rock","|move|p2a: Doublade|Swords Dance|p2a: Doublade","|-boost|p2a: Doublade|atk|2","|","|-heal|p1a: Rotom|58\/304|[from] item: Leftovers","|upkeep","|turn|16","|","|move|p2a: Doublade|Shadow Sneak|p1a: Rotom","|-crit|p1a: Rotom","|-damage|p1a: Rotom|0 fnt","|faint|p1a: Rotom","|","|upkeep","|","|switch|p1a: Mimikyu|Mimikyu, F|251\/251","|-damage|p1a: Mimikyu|220\/251|[from] Stealth Rock","|turn|17","|","|move|p2a: Doublade|Shadow Sneak|p1a: Mimikyu","|-activate|p1a: Mimikyu|ability: Disguise","|-damage|p1a: Mimikyu|220\/251","|detailschange|p1a: Mimikyu|Mimikyu-Busted, F","|-damage|p1a: Mimikyu|189\/251|[from] ability: Disguise|[of] p1a: Mimikyu","|move|p1a: Mimikyu|Shadow Claw|p2a: Doublade","|-supereffective|p2a: Doublade","|-damage|p2a: Doublade|51\/322","|-damage|p1a: Mimikyu|164\/251|[from] item: Life Orb","|","|upkeep","|turn|18","|","|move|p1a: Mimikyu|Shadow Sneak|p2a: Doublade","|-supereffective|p2a: Doublade","|-damage|p2a: Doublade|0 fnt","|-damage|p1a: Mimikyu|139\/251|[from] item: Life Orb","|faint|p2a: Doublade","|","|upkeep","|","|switch|p2a: Rhydon|Rhydon, F|122\/352","|-damage|p2a: Rhydon|100\/352|[from] Stealth Rock","|turn|19","|","|move|p1a: Mimikyu|Shadow Claw|p2a: Rhydon","|-damage|p2a: Rhydon|30\/352","|-damage|p1a: Mimikyu|114\/251|[from] item: Life Orb","|move|p2a: Rhydon|Earthquake|p1a: Mimikyu","|-damage|p1a: Mimikyu|0 fnt","|faint|p1a: Mimikyu","|","|upkeep","|","|switch|p1a: Lucario|Lucario, F|281\/281","|-damage|p1a: Lucario|273\/281|[from] Stealth Rock","|turn|20","|","|move|p1a: Lucario|Flash Cannon|p2a: Rhydon","|-supereffective|p2a: Rhydon","|-damage|p2a: Rhydon|0 fnt","|-damage|p1a: Lucario|245\/281|[from] item: Life Orb","|faint|p2a: Rhydon","|","|upkeep","|","|switch|p2a: Dusclops|Dusclops, M|211\/284 par","|-damage|p2a: Dusclops|176\/284 par|[from] Stealth Rock","|-ability|p2a: Dusclops|Pressure","|turn|21","|","|move|p1a: Lucario|Nasty Plot|p1a: Lucario","|-boost|p1a: Lucario|spa|2","|cant|p2a: Dusclops|par","|","|upkeep","|turn|22","|","|move|p1a: Lucario|Flash Cannon|p2a: Dusclops","|-damage|p2a: Dusclops|42\/284 par","|-damage|p1a: Lucario|217\/281|[from] item: Life Orb","|move|p2a: Dusclops|Night Shade|p1a: Lucario","|-damage|p1a: Lucario|117\/281","|","|upkeep","|turn|23","|","|move|p1a: Lucario|Flash Cannon|p2a: Dusclops","|-damage|p2a: Dusclops|0 fnt","|-damage|p1a: Lucario|89\/281|[from] item: Life Orb","|faint|p2a: Dusclops","|","|upkeep","|","|switch|p2a: Mr. Mime|Mr. Mime-Galar, M|136\/241","|-damage|p2a: Mr. Mime|76\/241|[from] Stealth Rock","|turn|24","|","|switch|p1a: Reuniclus|Reuniclus, M|424\/424","|move|p2a: Mr. Mime|Psychic|p1a: Reuniclus","|-resisted|p1a: Reuniclus","|-damage|p1a: Reuniclus|358\/424","|","|upkeep","|turn|25","|","|switch|p2a: Munchlax|Munchlax, M|411\/411","|-damage|p2a: Munchlax|360\/411|[from] Stealth Rock","|move|p1a: Reuniclus|Psychic|p2a: Munchlax","|-damage|p2a: Munchlax|179\/411","|-unboost|p2a: Munchlax|spd|1","|","|upkeep","|turn|26","|","|move|p1a: Reuniclus|Psychic|p2a: Munchlax","|-damage|p2a: Munchlax|0 fnt","|faint|p2a: Munchlax","|","|upkeep","|","|switch|p2a: Pikachu|Pikachu, F|211\/211","|-damage|p2a: Pikachu|185\/211|[from] Stealth Rock","|turn|27","|","|move|p2a: Pikachu|Thunderbolt|p1a: Reuniclus","|-damage|p1a: Reuniclus|142\/424","|move|p1a: Reuniclus|Psychic|p2a: Pikachu","|-damage|p2a: Pikachu|0 fnt","|faint|p2a: Pikachu","|","|upkeep","|","|switch|p2a: Mr. Mime|Mr. Mime-Galar, M|76\/241","|-damage|p2a: Mr. Mime|16\/241|[from] Stealth Rock","|turn|28","|","|move|p2a: Mr. Mime|Freeze-Dry|p1a: Reuniclus","|-damage|p1a: Reuniclus|34\/424","|-status|p1a: Reuniclus|frz","|cant|p1a: Reuniclus|frz","|","|upkeep","|turn|29","|","|move|p2a: Mr. Mime|Freeze-Dry|p1a: Reuniclus","|-crit|p1a: Reuniclus","|-damage|p1a: Reuniclus|0 fnt","|faint|p1a: Reuniclus","|","|upkeep","|","|switch|p1a: Lucario|Lucario, F|89\/281","|-damage|p1a: Lucario|81\/281|[from] Stealth Rock","|turn|30","|","|move|p1a: Lucario|Vacuum Wave|p2a: Mr. Mime","|-damage|p2a: Mr. Mime|0 fnt","|-damage|p1a: Lucario|53\/281|[from] item: Life Orb","|faint|p2a: Mr. Mime","|","|win|30569","|raw|30569's rating: 1401 &rarr; <strong>1418<\/strong><br \/>(+17 for winning)","|raw|30570's rating: 1345 &rarr; <strong>1328<\/strong><br \/>(-17 for losing)",""],"p1":"30569","p1rating":1401,"p1team":[{"ability":"innerfocus","evs":{"atk":0,"def":0,"hp":0,"spa":252,"spd":4,"spe":252},"happiness":160,"item":"lifeorb","ivs":{"atk":0,"def":31,"hp":31,"spa":31,"spd":31,"spe":31},"level":100,"moves":["aurasphere","flashcannon","vacuumwave","nastyplot"],"name":"Lucario","nature":"Timid","species":"Lucario"},{"ability":"sandstream","evs":{"atk":0,"def":152,"hp":252,"spa":0,"spd":104,"spe":0},"happiness":160,"item":"leftovers","ivs":{"atk":31,"def":31,"hp":31,"spa":31,"spd":31,"spe":31},"level":100,"moves":["earthquake","stealthrock","roar","slackoff"],"name":"Hippowdon","nature":"Impish","species":"Hippowdon"},{"ability":"magicguard","evs":{"atk":0,"def":0,"hp":252,"spa":252,"spd":4,"spe":0},"happiness":160,"item":"lifeorb","ivs":{"atk":0,"def":31,"hp":31,"spa":31,"spd":31,"spe":31},"level":100,"moves":["psychic","thunder","focusblast","recover"],"name":"Reuniclus","nature":"Quiet","species":"Reuniclus"},{"ability":"levitate","evs":{"atk":0,"def":252,"hp":252,"spa":0,"spd":4,"spe":0},"gender":"N","happiness":160,"item":"leftovers","ivs":{"atk":0,"def":31,"hp":31,"spa":31,"spd":31,"spe":31},"level":100,"moves":["voltswitch","hydropump","willowisp","thunderwave"],"name":"Rotom","nature":"Bold","species":"rotomwash"},{"ability":"disguise","evs":{"atk":252,"def":0,"hp":0,"spa":0,"spd":4,"spe":252},"happiness":160,"item":"lifeorb","ivs":{"atk":31,"def":31,"hp":31,"spa":31,"spd":31,"spe":31},"level":100,"moves":["swordsdance","playrough","shadowclaw","shadowsneak"],"name":"Mimikyu","nature":"Jolly","species":"Mimikyu"},{"ability":"levitate","evs":{"atk":0,"def":0,"hp":0,"spa":252,"spd":4,"spe":252},"happiness":160,"item":"choicescarf","ivs":{"atk":31,"def":31,"hp":31,"spa":31,"spd":31,"spe":31},"level":100,"moves":["darkpulse","dracometeor","flamethrower","uturn"],"name":"Hydreigon","nature":"Timid","species":"Hydreigon"}],"p2":"30570","p2rating":1344,"p2team":[{"ability":"thickfat","evs":{"atk":252,"def":252,"hp":0,"spa":0,"spd":4,"spe":0},"happiness":0,"item":"eviolite","ivs":{"atk":31,"def":31,"hp":31,"spa":31,"spd":31,"spe":0},"level":100,"moves":["bodyslam","curse","rest","sleeptalk"],"name":"Munchlax","nature":"Relaxed","species":"Munchlax"},{"ability":"lightningrod","evs":{"atk":0,"def":0,"hp":0,"spa":252,"spd":4,"spe":252},"happiness":160,"item":"lightball","ivs":{"atk":0,"def":31,"hp":31,"spa":31,"spd":31,"spe":31},"level":100,"moves":["voltswitch","thunderbolt","surf","grassknot"],"name":"Pikachu","nature":"Timid","species":"Pikachu"},{"ability":"noguard","evs":{"atk":252,"def":0,"hp":252,"spa":0,"spd":0,"spe":4},"happiness":160,"item":"eviolite","ivs":{"atk":31,"def":31,"hp":31,"spa":31,"spd":31,"spe":31},"level":100,"moves":["swordsdance","shadowsneak","psychocut","sacredsword"],"name":"Doublade","nature":"Adamant","species":"Doublade"},{"ability":"pressure","evs":{"atk":0,"def":4,"hp":252,"spa":0,"spd":252,"spe":0},"happiness":160,"item":"eviolite","ivs":{"atk":0,"def":31,"hp":31,"spa":31,"spd":31,"spe":31},"level":100,"moves":["willowisp","nightshade","rest","sleeptalk"],"name":"Dusclops","nature":"Calm","species":"Dusclops"},{"ability":"lightningrod","evs":{"atk":252,"def":0,"hp":4,"spa":0,"spd":252,"spe":0},"happiness":160,"item":"eviolite","ivs":{"atk":31,"def":31,"hp":31,"spa":31,"spd":31,"spe":31},"level":100,"moves":["firepunch","earthquake","stoneedge","stealthrock"],"name":"Rhydon","nature":"Careful","species":"Rhydon"},{"ability":"screencleaner","evs":{"atk":0,"def":0,"hp":0,"spa":252,"spd":4,"spe":252},"happiness":160,"item":"choicescarf","ivs":{"atk":0,"def":31,"hp":31,"spa":31,"spd":31,"spe":31},"level":100,"moves":["freezedry","focusblast","psychic","trick"],"name":"Mr. Mime","nature":"Timid","species":"mrmimegalar"}],"roomid":100666,"score":[1,0],"seed":[10394,8833,36711,22722],"timestamp":"Mon Dec 30 2019 07:XX","turns":30,"winner":"30569","rated_battle":true,"average_rating":1372}