{"endType":"normal","format":"gen8ou","inputLog":[">version aa9f8c6b9cf4eca780a1296832ecd3b0009641e0",">version-origin 5e8529faaa5905c5f8e15eafaaefa806ee8c7d06",">start {\"formatid\":\"gen8ou\",\"seed\":[51117,20061,10174,56646],\"rated\":\"Rated battle\"}",">player p1 {\"\"name\":\"35465\",\"rating\":1546}",">player p2 {\"\"name\":\"29786\",\"rating\":1450}",">p1 team 4, 2, 3, 1, 5, 6",">p2 team 1, 2, 3, 4, 5, 6",">p1 move drainpunch",">p2 move uturn",">p2 switch 3",">p1 switch 5",">p2 move bravebird",">p1 switch 5",">p2 switch 5",">p1 switch 2",">p2 switch 4",">p1 move substitute",">p2 move protect",">p1 move willowisp",">p2 move stealthrock",">p1 move hex",">p2 switch 2",">p1 move willowisp",">p2 move darkpulse",">p1 move disable",">p2 move darkpulse",">p1 move hex",">p2 switch 6",">p1 move willowisp",">p2 move iciclecrash",">p1 switch 2",">p1 move drainpunch",">p2 switch 2",">p1 move drainpunch",">p2 move scald",">p2 switch 5",">p1 switch 4",">p2 move bravebird",">p1 move stealthrock",">p2 move substitute",">p1 switch 5",">p2 move bulkup",">p1 move thunderbolt",">p2 move substitute",">p1 move thunderbolt",">p2 move roost",">p1 move thunderbolt",">p2 switch 4",">p1 move overheat",">p2 move drainpunch",">p2 switch 6",">p1 switch 3",">p2 move darkpulse",">p1 move ironhead",">p2 move darkpulse",">p1 switch 4",">p2 switch 3",">p1 move drainpunch",">p2 move pyroball",">p1 move drainpunch",">p2 move pyroball",">p1 switch 5",">p1 move earthpower",">p2 move superfang",">p2 switch 4",">p1 switch 3",">p2 move substitute",">p1 move thunderbolt",">p2 move bravebird",">p1 move thunderbolt",">p2 move bravebird",">p1 move thunderbolt",">p2 move bravebird",">p2 switch 2",">p1 move thunderbolt",">p2 move iciclecrash",">p1 switch 3",">p1 move protect",">p2 move iciclecrash",">p1 move earthpower",">p2 move iciclecrash",">p1 switch 6",">p1 move dazzlinggleam",">p2 move iciclecrash"],"log":["|j|\u260635465","|j|\u260629786","|player|p1|35465|1|1546","|player|p2|29786|silver|1450","|teamsize|p1|6","|teamsize|p2|6","|gametype|singles","|gen|8","|tier|[Gen 8] OU","|rated|","|rule|Sleep Clause Mod: Limit one foe put to sleep","|rule|Species Clause: Limit one of each Pok\u00e9mon","|rule|OHKO Clause: OHKO moves are banned","|rule|Evasion Moves Clause: Evasion moves are banned","|rule|Endless Battle Clause: Forcing endless battles is banned","|rule|HP Percentage Mod: HP is shown in percentages","|clearpoke","|poke|p1|Seismitoad, F|","|poke|p1|Dragapult, F|","|poke|p1|Bisharp, F|","|poke|p1|Conkeldurr, M|","|poke|p1|Rotom-Heat|","|poke|p1|Togekiss, F|","|poke|p2|Cinderace, M|","|poke|p2|Hydreigon, M|","|poke|p2|Corviknight, F|","|poke|p2|Seismitoad, F|","|poke|p2|Toxtricity, M|","|poke|p2|Darmanitan-Galar, M|","|rule|Dynamax Clause: You cannot dynamax","|teampreview","|","|start","|switch|p1a: Conkeldurr|Conkeldurr, M|382\/382","|switch|p2a: Cinderace|Cinderace, M|301\/301","|turn|1","|","|move|p2a: Cinderace|U-turn|p1a: Conkeldurr","|-resisted|p1a: Conkeldurr","|-damage|p1a: Conkeldurr|338\/382","|","|switch|p2a: Corviknight|Corviknight, F|399\/399","|-ability|p2a: Corviknight|Pressure","|move|p1a: Conkeldurr|Drain Punch|p2a: Corviknight","|-damage|p2a: Corviknight|254\/399","|-heal|p1a: Conkeldurr|382\/382|[from] drain|[of] p2a: Corviknight","|","|-heal|p2a: Corviknight|278\/399|[from] item: Leftovers","|-status|p1a: Conkeldurr|brn|[from] item: Flame Orb","|upkeep","|turn|2","|","|switch|p1a: Rotom|Rotom-Heat|241\/241","|move|p2a: Corviknight|Brave Bird|p1a: Rotom","|-resisted|p1a: Rotom","|-damage|p1a: Rotom|184\/241","|-damage|p2a: Corviknight|259\/399|[from] Recoil","|","|-heal|p2a: Corviknight|283\/399|[from] item: Leftovers","|upkeep","|turn|3","|","|switch|p1a: Conkeldurr|Conkeldurr, M|382\/382 brn","|switch|p2a: Toxtricity|Toxtricity, M|292\/292","|","|-damage|p1a: Conkeldurr|359\/382 brn|[from] brn","|upkeep","|turn|4","|","|switch|p2a: Seismitoad|Seismitoad, F|414\/414","|switch|p1a: Dragapult|Dragapult, F|318\/318","|","|upkeep","|turn|5","|","|move|p2a: Seismitoad|Protect|p2a: Seismitoad","|-singleturn|p2a: Seismitoad|Protect","|move|p1a: Dragapult|Substitute|p1a: Dragapult","|-start|p1a: Dragapult|Substitute","|-damage|p1a: Dragapult|239\/318","|","|-heal|p1a: Dragapult|258\/318|[from] item: Leftovers","|upkeep","|turn|6","|","|move|p1a: Dragapult|Will-O-Wisp|p2a: Seismitoad","|-status|p2a: Seismitoad|brn","|move|p2a: Seismitoad|Stealth Rock|p1a: Dragapult","|-sidestart35465|move: Stealth Rock","|","|-heal|p1a: Dragapult|277\/318|[from] item: Leftovers","|-damage|p2a: Seismitoad|389\/414 brn|[from] brn","|upkeep","|turn|7","|","|switch|p2a: Hydreigon|Hydreigon, M|325\/325","|move|p1a: Dragapult|Hex|p2a: Hydreigon","|-resisted|p2a: Hydreigon","|-damage|p2a: Hydreigon|273\/325","|","|-heal|p1a: Dragapult|296\/318|[from] item: Leftovers","|upkeep","|turn|8","|","|move|p1a: Dragapult|Will-O-Wisp|p2a: Hydreigon","|-status|p2a: Hydreigon|brn","|move|p2a: Hydreigon|Dark Pulse|p1a: Dragapult","|-supereffective|p1a: Dragapult","|-end|p1a: Dragapult|Substitute","|","|-heal|p1a: Dragapult|315\/318|[from] item: Leftovers","|-damage|p2a: Hydreigon|253\/325 brn|[from] brn","|upkeep","|turn|9","|","|move|p1a: Dragapult|Disable|p2a: Hydreigon","|-start|p2a: Hydreigon|Disable|Dark Pulse","|cant|p2a: Hydreigon|Disable|Dark Pulse","|","|-heal|p1a: Dragapult|318\/318|[from] item: Leftovers","|-damage|p2a: Hydreigon|233\/325 brn|[from] brn","|upkeep","|turn|10","|","|switch|p2a: Darmanitan|Darmanitan-Galar, M|351\/351","|move|p1a: Dragapult|Hex|p2a: Darmanitan","|-damage|p2a: Darmanitan|194\/351","|","|upkeep","|turn|11","|","|move|p2a: Darmanitan|Icicle Crash|p1a: Dragapult","|-supereffective|p1a: Dragapult","|-damage|p1a: Dragapult|0 fnt","|faint|p1a: Dragapult","|","|upkeep","|","|switch|p1a: Conkeldurr|Conkeldurr, M|359\/382 brn","|-damage|p1a: Conkeldurr|336\/382 brn|[from] Stealth Rock","|turn|12","|","|switch|p2a: Seismitoad|Seismitoad, F|389\/414 brn","|move|p1a: Conkeldurr|Drain Punch|p2a: Seismitoad","|-damage|p2a: Seismitoad|188\/414 brn","|-heal|p1a: Conkeldurr|382\/382 brn|[from] drain|[of] p2a: Seismitoad","|","|-heal|p2a: Seismitoad|213\/414 brn|[from] item: Leftovers","|-damage|p2a: Seismitoad|188\/414 brn|[from] brn","|-damage|p1a: Conkeldurr|359\/382 brn|[from] brn","|upkeep","|turn|13","|","|move|p2a: Seismitoad|Scald|p1a: Conkeldurr","|-damage|p1a: Conkeldurr|245\/382 brn","|move|p1a: Conkeldurr|Drain Punch|p2a: Seismitoad","|-damage|p2a: Seismitoad|0 fnt","|-heal|p1a: Conkeldurr|339\/382 brn|[from] drain|[of] p2a: Seismitoad","|faint|p2a: Seismitoad","|","|-damage|p1a: Conkeldurr|316\/382 brn|[from] brn","|upkeep","|","|switch|p2a: Corviknight|Corviknight, F|283\/399","|-ability|p2a: Corviknight|Pressure","|turn|14","|","|switch|p1a: Seismitoad|Seismitoad, F|414\/414","|-damage|p1a: Seismitoad|389\/414|[from] Stealth Rock","|move|p2a: Corviknight|Brave Bird|p1a: Seismitoad","|-damage|p1a: Seismitoad|287\/414","|-damage|p2a: Corviknight|249\/399|[from] Recoil","|","|-heal|p1a: Seismitoad|312\/414|[from] item: Leftovers","|-heal|p2a: Corviknight|273\/399|[from] item: Leftovers","|upkeep","|turn|15","|","|move|p1a: Seismitoad|Stealth Rock|p2a: Corviknight","|-sidestart29786|move: Stealth Rock","|move|p2a: Corviknight|Substitute|p2a: Corviknight","|-start|p2a: Corviknight|Substitute","|-damage|p2a: Corviknight|174\/399","|","|-heal|p1a: Seismitoad|337\/414|[from] item: Leftovers","|-heal|p2a: Corviknight|198\/399|[from] item: Leftovers","|upkeep","|turn|16","|","|switch|p1a: Rotom|Rotom-Heat|184\/241","|move|p2a: Corviknight|Bulk Up|p2a: Corviknight","|-boost|p2a: Corviknight|atk|1","|-boost|p2a: Corviknight|def|1","|","|-heal|p2a: Corviknight|222\/399|[from] item: Leftovers","|upkeep","|turn|17","|","|move|p1a: Rotom|Thunderbolt|p2a: Corviknight","|-supereffective|p2a: Corviknight","|-end|p2a: Corviknight|Substitute","|move|p2a: Corviknight|Substitute|p2a: Corviknight","|-start|p2a: Corviknight|Substitute","|-damage|p2a: Corviknight|123\/399","|","|-heal|p2a: Corviknight|147\/399|[from] item: Leftovers","|upkeep","|turn|18","|","|move|p1a: Rotom|Thunderbolt|p2a: Corviknight","|-supereffective|p2a: Corviknight","|-end|p2a: Corviknight|Substitute","|move|p2a: Corviknight|Roost|p2a: Corviknight","|-heal|p2a: Corviknight|347\/399","|-singleturn|p2a: Corviknight|move: Roost","|","|-heal|p2a: Corviknight|371\/399|[from] item: Leftovers","|upkeep","|turn|19","|","|switch|p2a: Toxtricity|Toxtricity, M|292\/292","|-damage|p2a: Toxtricity|256\/292|[from] Stealth Rock","|move|p1a: Rotom|Thunderbolt|p2a: Toxtricity","|-resisted|p2a: Toxtricity","|-damage|p2a: Toxtricity|170\/292","|","|-heal|p2a: Toxtricity|188\/292|[from] item: Black Sludge","|upkeep","|turn|20","|","|move|p1a: Rotom|Overheat|p2a: Toxtricity","|-damage|p2a: Toxtricity|0 fnt","|-unboost|p1a: Rotom|spa|2","|faint|p2a: Toxtricity","|","|upkeep","|","|switch|p2a: Hydreigon|Hydreigon, M|233\/325 brn","|-damage|p2a: Hydreigon|193\/325 brn|[from] Stealth Rock","|turn|21","|","|switch|p1a: Bisharp|Bisharp, F|310\/310","|-damage|p1a: Bisharp|291\/310|[from] Stealth Rock","|move|p2a: Hydreigon|Dark Pulse|p1a: Bisharp","|-resisted|p1a: Bisharp","|-damage|p1a: Bisharp|157\/310","|","|-damage|p2a: Hydreigon|173\/325 brn|[from] brn","|upkeep","|turn|22","|","|move|p2a: Hydreigon|Dark Pulse|p1a: Bisharp","|-resisted|p1a: Bisharp","|-damage|p1a: Bisharp|26\/310","|move|p1a: Bisharp|Iron Head|p2a: Hydreigon","|-damage|p2a: Hydreigon|0 fnt","|-damage|p1a: Bisharp|0 fnt|[from] item: Life Orb","|faint|p2a: Hydreigon","|faint|p1a: Bisharp","|","|upkeep","|","|switch|p2a: Cinderace|Cinderace, M|301\/301","|switch|p1a: Conkeldurr|Conkeldurr, M|316\/382 brn","|-damage|p1a: Conkeldurr|293\/382 brn|[from] Stealth Rock","|turn|23","|","|move|p2a: Cinderace|Pyro Ball|p1a: Conkeldurr","|-damage|p1a: Conkeldurr|104\/382 brn","|move|p1a: Conkeldurr|Drain Punch|p2a: Cinderace","|-damage|p2a: Cinderace|21\/301","|-heal|p1a: Conkeldurr|244\/382 brn|[from] drain|[of] p2a: Cinderace","|","|-damage|p1a: Conkeldurr|221\/382 brn|[from] brn","|upkeep","|turn|24","|","|move|p2a: Cinderace|Pyro Ball|p1a: Conkeldurr","|-damage|p1a: Conkeldurr|0 fnt","|faint|p1a: Conkeldurr","|","|upkeep","|","|switch|p1a: Seismitoad|Seismitoad, F|337\/414","|-damage|p1a: Seismitoad|312\/414|[from] Stealth Rock","|turn|25","|","|move|p2a: Cinderace|Super Fang|p1a: Seismitoad","|-damage|p1a: Seismitoad|156\/414","|move|p1a: Seismitoad|Earth Power|p2a: Cinderace","|-supereffective|p2a: Cinderace","|-damage|p2a: Cinderace|0 fnt","|faint|p2a: Cinderace","|","|-heal|p1a: Seismitoad|181\/414|[from] item: Leftovers","|upkeep","|","|switch|p2a: Corviknight|Corviknight, F|371\/399","|-damage|p2a: Corviknight|322\/399|[from] Stealth Rock","|-ability|p2a: Corviknight|Pressure","|turn|26","|","|switch|p1a: Rotom|Rotom-Heat|184\/241","|move|p2a: Corviknight|Substitute|p2a: Corviknight","|-start|p2a: Corviknight|Substitute","|-damage|p2a: Corviknight|223\/399","|","|-heal|p2a: Corviknight|247\/399|[from] item: Leftovers","|upkeep","|turn|27","|","|move|p1a: Rotom|Thunderbolt|p2a: Corviknight","|-supereffective|p2a: Corviknight","|-end|p2a: Corviknight|Substitute","|move|p2a: Corviknight|Brave Bird|p1a: Rotom","|-resisted|p1a: Rotom","|-damage|p1a: Rotom|126\/241","|-damage|p2a: Corviknight|228\/399|[from] Recoil","|","|-heal|p2a: Corviknight|252\/399|[from] item: Leftovers","|upkeep","|turn|28","|","|move|p1a: Rotom|Thunderbolt|p2a: Corviknight","|-supereffective|p2a: Corviknight","|-damage|p2a: Corviknight|28\/399","|move|p2a: Corviknight|Brave Bird|p1a: Rotom","|-resisted|p1a: Rotom","|-damage|p1a: Rotom|66\/241","|-damage|p2a: Corviknight|8\/399|[from] Recoil","|","|-heal|p2a: Corviknight|32\/399|[from] item: Leftovers","|upkeep","|turn|29","|","|move|p1a: Rotom|Thunderbolt|p2a: Corviknight","|-supereffective|p2a: Corviknight","|-damage|p2a: Corviknight|0 fnt","|faint|p2a: Corviknight","|","|upkeep","|","|switch|p2a: Darmanitan|Darmanitan-Galar, M|194\/351","|-damage|p2a: Darmanitan|107\/351|[from] Stealth Rock","|turn|30","|","|move|p2a: Darmanitan|Icicle Crash|p1a: Rotom","|-resisted|p1a: Rotom","|-damage|p1a: Rotom|0 fnt","|faint|p1a: Rotom","|","|upkeep","|","|switch|p1a: Seismitoad|Seismitoad, F|181\/414","|-damage|p1a: Seismitoad|156\/414|[from] Stealth Rock","|turn|31","|","|move|p1a: Seismitoad|Protect|p1a: Seismitoad","|-singleturn|p1a: Seismitoad|Protect","|move|p2a: Darmanitan|Icicle Crash|p1a: Seismitoad","|-activate|p1a: Seismitoad|move: Protect","|","|-heal|p1a: Seismitoad|181\/414|[from] item: Leftovers","|upkeep","|turn|32","|","|move|p2a: Darmanitan|Icicle Crash|p1a: Seismitoad","|-damage|p1a: Seismitoad|0 fnt","|faint|p1a: Seismitoad","|","|upkeep","|","|switch|p1a: Togekiss|Togekiss, F|311\/311","|turn|33","|","|move|p2a: Darmanitan|Icicle Crash|p1a: Togekiss","|-supereffective|p1a: Togekiss","|-damage|p1a: Togekiss|0 fnt","|faint|p1a: Togekiss","|","|win|29786","|raw|35465's rating: 1547 &rarr; <strong>1522<\/strong><br \/>(-25 for losing)","|raw|29786's rating: 1450 &rarr; <strong>1475<\/strong><br \/>(+25 for winning)",""],"p1":"35465","p1rating":1546,"p1team":[{"ability":"waterabsorb","evs":{"atk":0,"def":252,"hp":252,"spa":0,"spd":4,"spe":0},"happiness":160,"item":"leftovers","ivs":{"atk":0,"def":31,"hp":31,"spa":31,"spd":31,"spe":31},"level":100,"moves":["stealthrock","earthpower","toxic","protect"],"name":"Seismitoad","nature":"Bold","species":"Seismitoad"},{"ability":"clearbody","evs":{"atk":0,"def":0,"hp":4,"spa":252,"spd":0,"spe":252},"happiness":160,"item":"leftovers","ivs":{"atk":0,"def":31,"hp":31,"spa":31,"spd":31,"spe":31},"level":100,"moves":["substitute","hex","willowisp","disable"],"name":"Dragapult","nature":"Timid","species":"Dragapult"},{"ability":"defiant","evs":{"atk":252,"def":0,"hp":156,"spa":0,"spd":64,"spe":36},"happiness":160,"item":"lifeorb","ivs":{"atk":31,"def":31,"hp":31,"spa":31,"spd":31,"spe":31},"level":100,"moves":["swordsdance","suckerpunch","throatchop","ironhead"],"name":"Bisharp","nature":"Adamant","species":"Bisharp"},{"ability":"guts","evs":{"atk":252,"def":0,"hp":124,"spa":0,"spd":0,"spe":132},"happiness":160,"item":"flameorb","ivs":{"atk":31,"def":31,"hp":31,"spa":31,"spd":31,"spe":31},"level":100,"moves":["drainpunch","machpunch","thunderpunch","earthquake"],"name":"Conkeldurr","nature":"Adamant","species":"Conkeldurr"},{"ability":"levitate","evs":{"atk":0,"def":0,"hp":0,"spa":252,"spd":4,"spe":252},"gender":"N","happiness":160,"item":"heavydutyboots","ivs":{"atk":0,"def":31,"hp":31,"spa":31,"spd":31,"spe":31},"level":100,"moves":["nastyplot","voltswitch","thunderbolt","overheat"],"name":"Rotom","nature":"Timid","species":"rotomheat"},{"ability":"serenegrace","evs":{"atk":0,"def":0,"hp":0,"spa":252,"spd":4,"spe":252},"happiness":160,"item":"heavydutyboots","ivs":{"atk":0,"def":31,"hp":31,"spa":31,"spd":31,"spe":31},"level":100,"moves":["dazzlinggleam","airslash","fireblast","nastyplot"],"name":"Togekiss","nature":"Timid","species":"Togekiss"}],"p2":"29786","p2rating":1450,"p2team":[{"ability":"blaze","evs":{"atk":252,"def":0,"hp":0,"spa":0,"spd":4,"spe":252},"happiness":160,"item":"heavydutyboots","ivs":{"atk":31,"def":31,"hp":31,"spa":31,"spd":31,"spe":31},"level":100,"moves":["pyroball","uturn","courtchange","superfang"],"name":"Cinderace","nature":"Jolly","species":"Cinderace"},{"ability":"levitate","evs":{"atk":0,"def":0,"hp":0,"spa":252,"spd":4,"spe":252},"happiness":160,"item":"choicespecs","ivs":{"atk":0,"def":31,"hp":31,"spa":31,"spd":31,"spe":31},"level":100,"moves":["darkpulse","dracometeor","earthpower","flamethrower"],"name":"Hydreigon","nature":"Timid","species":"Hydreigon"},{"ability":"pressure","evs":{"atk":8,"def":0,"hp":248,"spa":0,"spd":252,"spe":0},"happiness":160,"item":"leftovers","ivs":{"atk":31,"def":31,"hp":31,"spa":31,"spd":31,"spe":31},"level":100,"moves":["bulkup","substitute","bravebird","roost"],"name":"Corviknight","nature":"Careful","species":"Corviknight"},{"ability":"waterabsorb","evs":{"atk":0,"def":252,"hp":252,"spa":0,"spd":4,"spe":0},"happiness":160,"item":"leftovers","ivs":{"atk":0,"def":31,"hp":31,"spa":31,"spd":31,"spe":31},"level":100,"moves":["stealthrock","toxic","protect","scald"],"name":"Seismitoad","nature":"Bold","species":"Seismitoad"},{"ability":"punkrock","evs":{"atk":252,"def":0,"hp":4,"spa":0,"spd":0,"spe":252},"happiness":160,"item":"blacksludge","ivs":{"atk":31,"def":31,"hp":31,"spa":31,"spd":31,"spe":31},"level":100,"moves":["substitute","thunderpunch","shiftgear","drainpunch"],"name":"Toxtricity","nature":"Adamant","species":"Toxtricity"},{"ability":"gorillatactics","evs":{"atk":252,"def":0,"hp":0,"spa":0,"spd":4,"spe":252},"happiness":160,"item":"choicescarf","ivs":{"atk":31,"def":31,"hp":31,"spa":31,"spd":31,"spe":31},"level":100,"moves":["firepunch","iciclecrash","uturn","earthquake"],"name":"Darmanitan","nature":"Jolly","species":"darmanitangalar"}],"roomid":1022873,"score":[0,1],"seed":[51117,20061,10174,56646],"timestamp":"Sat Dec 28 2019 15:XX","turns":33,"winner":"29786","rated_battle":true,"average_rating":1498}