{"endType":"normal","format":"gen8ou","inputLog":[">version aa9f8c6b9cf4eca780a1296832ecd3b0009641e0",">version-origin 5e8529faaa5905c5f8e15eafaaefa806ee8c7d06",">start {\"formatid\":\"gen8ou\",\"seed\":[64716,25560,22067,1787],\"rated\":\"Rated battle\"}",">player p1 {\"\"name\":\"144952\",\"rating\":1797}",">player p2 {\"\"name\":\"33808\",\"rating\":1630}",">p1 team 2, 1, 3, 4, 5, 6",">p2 team 1, 2, 3, 4, 5, 6",">p1 move overheat",">p2 move uturn",">p2 switch 4",">p1 switch 5",">p2 move nastyplot",">p1 switch 6",">p2 move darkpulse",">p1 move flashcannon",">p2 move flashcannon",">p2 switch 6",">p1 switch 2",">p2 switch 5",">p1 switch 5",">p2 move boomburst",">p1 move overheat",">p2 switch 2",">p2 switch 4",">p1 move overheat",">p2 move iciclecrash",">p1 switch 5",">p2 switch 2",">p1 switch 4",">p2 move voltswitch",">p2 switch 2",">p1 move mysticalfire",">p2 move earthquake",">p1 switch 3",">p1 move reversal",">p2 move earthquake",">p1 move reversal",">p2 move earthquake",">p2 switch 3",">p1 switch 6",">p2 move earthquake",">p1 move ironhead",">p2 move drainpunch",">p1 move ironhead",">p2 move drainpunch",">p1 switch 5",">p1 move overheat",">p2 switch 2",">p2 switch 2",">p1 switch 6",">p2 move drainpunch",">p1 switch 6",">p1 move overheat",">p2 move earthquake",">p2 switch 5",">p1 move overheat",">p2 move swordsdance",">p1 move overheat",">p2 move shadowsneak",">p1 switch 2",">p1 move shadowsneak",">p2 move kingsshield",">p1 move shadowsneak",">p2 move shadowsneak"],"log":["|j|\u2606144952","|j|\u260633808","|player|p1|144952|261|1797","|player|p2|33808|257|1630","|teamsize|p1|6","|teamsize|p2|6","|gametype|singles","|gen|8","|tier|[Gen 8] OU","|rated|","|rule|Sleep Clause Mod: Limit one foe put to sleep","|rule|Species Clause: Limit one of each Pok\u00e9mon","|rule|OHKO Clause: OHKO moves are banned","|rule|Evasion Moves Clause: Evasion moves are banned","|rule|Endless Battle Clause: Forcing endless battles is banned","|rule|HP Percentage Mod: HP is shown in percentages","|clearpoke","|poke|p1|Toxapex, M|","|poke|p1|Chandelure, F|","|poke|p1|Dugtrio, M|","|poke|p1|Hatterene, F|","|poke|p1|Corviknight, F|","|poke|p1|Ditto|","|poke|p2|Darmanitan-Galar, M|","|poke|p2|Clefable, F|","|poke|p2|Conkeldurr, F|","|poke|p2|Hydreigon, F|","|poke|p2|Toxtricity, M|","|poke|p2|Aegislash, F|","|rule|Dynamax Clause: You cannot dynamax","|teampreview","|","|start","|switch|p1a: Spirit of fire.|Chandelure, F, shiny|261\/261","|switch|p2a: Darmanitan|Darmanitan-Galar, M|351\/351","|turn|1","|","|move|p2a: Darmanitan|U-turn|p1a: Spirit of fire.","|-resisted|p1a: Spirit of fire.","|-damage|p1a: Spirit of fire.|207\/261","|","|switch|p2a: Hydreigon|Hydreigon, F|325\/325","|move|p1a: Spirit of fire.|Overheat|p2a: Hydreigon","|-resisted|p2a: Hydreigon","|-damage|p2a: Hydreigon|100\/325","|-unboost|p1a: Spirit of fire.|spa|2","|","|-heal|p2a: Hydreigon|120\/325|[from] item: Leftovers","|upkeep","|turn|2","|","|switch|p1a: Condemnation Wings|Corviknight, F|399\/399","|move|p2a: Hydreigon|Nasty Plot|p2a: Hydreigon","|-boost|p2a: Hydreigon|spa|2","|","|-heal|p2a: Hydreigon|140\/325|[from] item: Leftovers","|upkeep","|turn|3","|","|switch|p1a: Blazblue.|Ditto, shiny|300\/300","|-transform|p1a: Blazblue.|p2a: Hydreigon|[from] ability: Imposter","|move|p2a: Hydreigon|Dark Pulse|p1a: Blazblue.","|-resisted|p1a: Blazblue.","|-damage|p1a: Blazblue.|159\/300","|","|-heal|p2a: Hydreigon|160\/325|[from] item: Leftovers","|upkeep","|turn|4","|","|move|p1a: Blazblue.|Flash Cannon|p2a: Hydreigon","|-damage|p2a: Hydreigon|0 fnt","|faint|p2a: Hydreigon","|","|upkeep","|","|switch|p2a: Aegislash|Aegislash, F|324\/324","|-item|p2a: Aegislash|Air Balloon","|turn|5","|","|switch|p1a: Thin red line.|Toxapex, M, shiny|303\/303","|switch|p2a: Toxtricity|Toxtricity, M|291\/291","|","|upkeep","|turn|6","|","|switch|p1a: Spirit of fire.|Chandelure, F, shiny|207\/261","|move|p2a: Toxtricity|Boomburst|p1a: Spirit of fire.","|-immune|p1a: Spirit of fire.","|","|upkeep","|turn|7","|","|switch|p2a: Clefable|Clefable, F|380\/380","|move|p1a: Spirit of fire.|Overheat|p2a: Clefable","|-damage|p2a: Clefable|0 fnt","|-unboost|p1a: Spirit of fire.|spa|2","|faint|p2a: Clefable","|","|upkeep","|","|switch|p2a: Darmanitan|Darmanitan-Galar, M|351\/351","|turn|8","|","|move|p2a: Darmanitan|Icicle Crash|p1a: Spirit of fire.","|-resisted|p1a: Spirit of fire.","|-damage|p1a: Spirit of fire.|9\/261","|cant|p1a: Spirit of fire.|flinch","|","|upkeep","|turn|9","|","|switch|p2a: Toxtricity|Toxtricity, M|291\/291","|switch|p1a: Thin red line.|Toxapex, M, shiny|303\/303","|","|upkeep","|turn|10","|","|switch|p1a: Walpurgisnacht.|Hatterene, F|317\/317","|move|p2a: Toxtricity|Volt Switch|p1a: Walpurgisnacht.","|-damage|p1a: Walpurgisnacht.|211\/317","|","|switch|p2a: Darmanitan|Darmanitan-Galar, M|351\/351","|","|-heal|p1a: Walpurgisnacht.|230\/317|[from] item: Leftovers","|upkeep","|turn|11","|","|move|p2a: Darmanitan|Earthquake|p1a: Walpurgisnacht.","|-damage|p1a: Walpurgisnacht.|0 fnt","|faint|p1a: Walpurgisnacht.","|","|upkeep","|","|switch|p1a: Jaeger.|Dugtrio, M|211\/211","|turn|12","|","|move|p1a: Jaeger.|Reversal|p2a: Darmanitan","|-supereffective|p2a: Darmanitan","|-damage|p2a: Darmanitan|279\/351","|move|p2a: Darmanitan|Earthquake|p1a: Jaeger.","|-enditem|p1a: Jaeger.|Focus Sash","|-damage|p1a: Jaeger.|1\/211","|","|upkeep","|turn|13","|","|move|p1a: Jaeger.|Reversal|p2a: Darmanitan","|-supereffective|p2a: Darmanitan","|-damage|p2a: Darmanitan|0 fnt","|faint|p2a: Darmanitan","|","|upkeep","|","|switch|p2a: Conkeldurr|Conkeldurr, F|410\/410","|turn|14","|","|switch|p1a: Condemnation Wings|Corviknight, F|399\/399","|move|p2a: Conkeldurr|Earthquake|p1a: Condemnation Wings","|-immune|p1a: Condemnation Wings","|","|-status|p2a: Conkeldurr|brn|[from] item: Flame Orb","|upkeep","|turn|15","|","|move|p1a: Condemnation Wings|Iron Head|p2a: Conkeldurr","|-damage|p2a: Conkeldurr|319\/410 brn","|move|p2a: Conkeldurr|Drain Punch|p1a: Condemnation Wings","|-damage|p1a: Condemnation Wings|168\/399","|-heal|p2a: Conkeldurr|410\/410 brn|[from] drain|[of] p1a: Condemnation Wings","|","|-heal|p1a: Condemnation Wings|192\/399|[from] item: Leftovers","|-damage|p2a: Conkeldurr|385\/410 brn|[from] brn","|upkeep","|turn|16","|","|move|p1a: Condemnation Wings|Iron Head|p2a: Conkeldurr","|-damage|p2a: Conkeldurr|298\/410 brn","|move|p2a: Conkeldurr|Drain Punch|p1a: Condemnation Wings","|-damage|p1a: Condemnation Wings|0 fnt","|-heal|p2a: Conkeldurr|394\/410 brn|[from] drain|[of] p1a: Condemnation Wings","|faint|p1a: Condemnation Wings","|","|-damage|p2a: Conkeldurr|369\/410 brn|[from] brn","|upkeep","|","|switch|p1a: Spirit of fire.|Chandelure, F, shiny|9\/261","|turn|17","|","|switch|p2a: Toxtricity|Toxtricity, M|291\/291","|move|p1a: Spirit of fire.|Overheat|p2a: Toxtricity","|-damage|p2a: Toxtricity|0 fnt","|-unboost|p1a: Spirit of fire.|spa|2","|faint|p2a: Toxtricity","|","|upkeep","|j|+playerW17","|","|switch|p2a: Conkeldurr|Conkeldurr, F|369\/410 brn","|turn|18","|","|switch|p1a: Jaeger.|Dugtrio, M|1\/211","|move|p2a: Conkeldurr|Drain Punch|p1a: Jaeger.","|-damage|p1a: Jaeger.|0 fnt","|-heal|p2a: Conkeldurr|370\/410 brn|[from] drain|[of] p1a: Jaeger.","|faint|p1a: Jaeger.","|","|-damage|p2a: Conkeldurr|345\/410 brn|[from] brn","|upkeep","|","|switch|p1a: Spirit of fire.|Chandelure, F, shiny|9\/261","|turn|19","|","|move|p1a: Spirit of fire.|Overheat|p2a: Conkeldurr","|-damage|p2a: Conkeldurr|0 fnt","|-unboost|p1a: Spirit of fire.|spa|2","|faint|p2a: Conkeldurr","|","|upkeep","|","|switch|p2a: Aegislash|Aegislash, F|324\/324","|-item|p2a: Aegislash|Air Balloon","|turn|20","|","|move|p1a: Spirit of fire.|Overheat|p2a: Aegislash","|-supereffective|p2a: Aegislash","|-damage|p2a: Aegislash|6\/324","|-enditem|p2a: Aegislash|Air Balloon","|-unboost|p1a: Spirit of fire.|spa|2","|move|p2a: Aegislash|Swords Dance|p2a: Aegislash","|-boost|p2a: Aegislash|atk|2","|","|upkeep","|turn|21","|","|-formechange|p2a: Aegislash|Aegislash-Blade||[from] ability: Stance Change","|move|p2a: Aegislash|Shadow Sneak|p1a: Spirit of fire.","|-supereffective|p1a: Spirit of fire.","|-damage|p1a: Spirit of fire.|0 fnt","|faint|p1a: Spirit of fire.","|","|upkeep","|","|switch|p1a: Blazblue.|Ditto, shiny|159\/300","|-transform|p1a: Blazblue.|p2a: Aegislash|[from] ability: Imposter","|turn|22","|","|-formechange|p2a: Aegislash|Aegislash||[from] ability: Stance Change","|move|p2a: Aegislash|King's Shield|p2a: Aegislash","|-singleturn|p2a: Aegislash|Protect","|move|p1a: Blazblue.|Shadow Sneak|p2a: Aegislash","|-activate|p2a: Aegislash|move: Protect","|-unboost|p1a: Blazblue.|atk|1","|","|upkeep","|turn|23","|","|move|p1a: Blazblue.|Shadow Sneak|p2a: Aegislash","|-supereffective|p2a: Aegislash","|-damage|p2a: Aegislash|0 fnt","|faint|p2a: Aegislash","|","|win|144952","|l|\u260633808","|raw|144952's rating: 1797 &rarr; <strong>1808<\/strong><br \/>(+11 for winning)","|raw|33808's rating: 1630 &rarr; <strong>1619<\/strong><br \/>(-11 for losing)",""],"p1":"144952","p1rating":1797,"p1team":[{"ability":"regenerator","evs":{"atk":0,"def":216,"hp":248,"spa":0,"spd":44,"spe":0},"happiness":160,"item":"blacksludge","ivs":{"atk":0,"def":31,"hp":31,"spa":31,"spd":31,"spe":31},"level":100,"moves":["haze","recover","scald","toxic"],"name":"Thin red line.","nature":"Bold","shiny":true,"species":"toxapex"},{"ability":"infiltrator","evs":{"atk":0,"def":4,"hp":0,"spa":252,"spd":0,"spe":252},"happiness":160,"item":"choicespecs","ivs":{"atk":0,"def":31,"hp":31,"spa":31,"spd":31,"spe":31},"level":100,"moves":["psychic","energyball","overheat","shadowball"],"name":"Spirit of fire.","nature":"Modest","shiny":true,"species":"chandelure"},{"ability":"arenatrap","evs":{"atk":252,"def":0,"hp":0,"spa":0,"spd":4,"spe":252},"happiness":160,"item":"focussash","ivs":{"atk":31,"def":31,"hp":31,"spa":31,"spd":31,"spe":31},"level":100,"moves":["reversal","suckerpunch","earthquake","stealthrock"],"name":"Jaeger.","nature":"Jolly","species":"dugtrio"},{"ability":"magicbounce","evs":{"atk":0,"def":0,"hp":248,"spa":208,"spd":0,"spe":52},"gender":"F","happiness":160,"item":"leftovers","ivs":{"atk":0,"def":31,"hp":31,"spa":31,"spd":31,"spe":31},"level":100,"moves":["psyshock","mysticalfire","calmmind","drainingkiss"],"name":"Walpurgisnacht.","nature":"Modest","species":"hatterene"},{"ability":"mirrorarmor","evs":{"atk":8,"def":0,"hp":248,"spa":0,"spd":252,"spe":0},"happiness":160,"item":"leftovers","ivs":{"atk":31,"def":31,"hp":31,"spa":31,"spd":31,"spe":30},"level":100,"moves":["defog","uturn","roost","ironhead"],"name":"Condemnation Wings","nature":"Careful","species":"Corviknight"},{"ability":"imposter","evs":{"atk":0,"def":0,"hp":252,"spa":0,"spd":0,"spe":252},"gender":"N","happiness":160,"item":"choicescarf","ivs":{"atk":0,"def":31,"hp":31,"spa":31,"spd":31,"spe":31},"level":100,"moves":["transform"],"name":"Blazblue.","nature":"Bashful","shiny":true,"species":"ditto"}],"p2":"33808","p2rating":1630,"p2team":[{"ability":"gorillatactics","evs":{"atk":252,"def":0,"hp":0,"spa":0,"spd":4,"spe":252},"happiness":160,"item":"choiceband","ivs":{"atk":31,"def":31,"hp":31,"spa":31,"spd":31,"spe":31},"level":100,"moves":["iciclecrash","flareblitz","uturn","earthquake"],"name":"Darmanitan","nature":"Jolly","species":"darmanitangalar"},{"ability":"magicguard","evs":{"atk":0,"def":0,"hp":196,"spa":252,"spd":0,"spe":60},"happiness":160,"item":"lifeorb","ivs":{"atk":0,"def":31,"hp":31,"spa":31,"spd":31,"spe":31},"level":100,"moves":["moonblast","flamethrower","thunderbolt","stealthrock"],"name":"Clefable","nature":"Modest","species":"Clefable"},{"ability":"guts","evs":{"atk":252,"def":0,"hp":236,"spa":0,"spd":0,"spe":20},"happiness":160,"item":"flameorb","ivs":{"atk":31,"def":31,"hp":31,"spa":31,"spd":31,"spe":31},"level":100,"moves":["drainpunch","machpunch","earthquake","facade"],"name":"Conkeldurr","nature":"Adamant","species":"Conkeldurr"},{"ability":"levitate","evs":{"atk":0,"def":0,"hp":0,"spa":252,"spd":4,"spe":252},"happiness":160,"item":"leftovers","ivs":{"atk":0,"def":31,"hp":31,"spa":31,"spd":31,"spe":31},"level":100,"moves":["darkpulse","flashcannon","fireblast","nastyplot"],"name":"Hydreigon","nature":"Timid","species":"Hydreigon"},{"ability":"punkrock","evs":{"atk":0,"def":0,"hp":0,"spa":252,"spd":4,"spe":252},"happiness":160,"item":"choicescarf","ivs":{"atk":0,"def":31,"hp":31,"spa":31,"spd":31,"spe":31},"level":100,"moves":["boomburst","overdrive","sludgebomb","voltswitch"],"name":"Toxtricity","nature":"Timid","species":"Toxtricity"},{"ability":"stancechange","evs":{"atk":252,"def":0,"hp":252,"spa":0,"spd":4,"spe":0},"happiness":160,"item":"airballoon","ivs":{"atk":31,"def":31,"hp":31,"spa":31,"spd":31,"spe":31},"level":100,"moves":["shadowsneak","kingsshield","swordsdance","ironhead"],"name":"Aegislash","nature":"Adamant","species":"Aegislash"}],"roomid":1023782,"score":[2,0],"seed":[64716,25560,22067,1787],"timestamp":"Sat Dec 28 2019 10:XX","turns":23,"winner":"144952","rated_battle":true,"average_rating":1713}