{"endType":"forfeit","format":"gen8ou","inputLog":[">version aa9f8c6b9cf4eca780a1296832ecd3b0009641e0",">version-origin 5e8529faaa5905c5f8e15eafaaefa806ee8c7d06",">start {\"formatid\":\"gen8ou\",\"seed\":[23882,335,41990,4718],\"rated\":\"Rated battle\"}",">player p1 {\"\"name\":\"35527\",\"rating\":1528}",">player p2 {\"\"name\":\"66425\",\"rating\":1508}",">p1 team 6, 2, 3, 4, 5, 1",">p2 team 6, 2, 3, 4, 5, 1",">p1 move toxicspikes",">p2 move stealthrock",">p1 move toxicspikes",">p2 switch 4",">p1 move scald",">p2 move leechseed",">p1 move scald",">p2 move spikes",">p1 move scald",">p2 switch 5",">p1 switch 6",">p2 move voltswitch",">p1 move earthpower",">p2 switch 5",">p1 switch 5",">p2 move powerwhip",">p1 move hex",">p2 switch 5",">p1 move thunderbolt",">p2 move voltswitch",">p2 switch 6",">p1 switch 3",">p2 move stoneedge",">p1 move stealthrock",">p2 move stoneedge",">p1 switch 2",">p2 switch 5",">p1 move bodypress",">p2 move leechseed",">p1 switch 3",">p2 move spikes",">p1 move overheat",">p2 switch 5",">p1 switch 6",">p2 move crunch",">p2 switch 6",">p1 switch 5",">p2 switch 5",">p1 switch 3",">p2 move leechseed",">p1 move defog",">p2 move spikes",">p1 move roost",">p2 switch 2",">p1 switch 6",">p2 move flareblitz",">p1 switch 5",">p2 switch 4",">p1 switch 6",">p2 move stealthrock",">p1 move defog",">p2 switch 5",">p1 switch 4",">p2 move willowisp",">p1 move wish",">p2 move voltswitch",">p2 switch 4",">p1 move protect",">p2 move iciclecrash",">p1 switch 6",">p2 switch 3",">p1 switch 6",">p2 move substitute",">p1 move hypervoice",">p2 switch 4",">p1 move wish",">p2 move voltswitch",">p2 switch 2",">p1 move mysticalfire",">p2 move leechseed",">p1 move wish",">p2 switch 4"],"log":["|j|\u260635527","|j|\u260666425","|player|p1|35527|2|1528","|player|p2|66425|bugcatcher|1508","|teamsize|p1|6","|teamsize|p2|6","|gametype|singles","|gen|8","|tier|[Gen 8] OU","|rated|","|rule|Sleep Clause Mod: Limit one foe put to sleep","|rule|Species Clause: Limit one of each Pok\u00e9mon","|rule|OHKO Clause: OHKO moves are banned","|rule|Evasion Moves Clause: Evasion moves are banned","|rule|Endless Battle Clause: Forcing endless battles is banned","|rule|HP Percentage Mod: HP is shown in percentages","|clearpoke","|poke|p1|Gastrodon, M|","|poke|p1|Corviknight, M|","|poke|p1|Kommo-o, M|","|poke|p1|Sylveon, M|","|poke|p1|Rotom-Heat|","|poke|p1|Toxapex, F|","|poke|p2|Tyranitar, M|","|poke|p2|Darmanitan-Galar, M|","|poke|p2|Dragapult, M|","|poke|p2|Ferrothorn, F|","|poke|p2|Rotom-Heat|","|poke|p2|Seismitoad, F|","|rule|Dynamax Clause: You cannot dynamax","|teampreview","|","|start","|switch|p1a: Toxapex|Toxapex, F|303\/303","|switch|p2a: Seismitoad|Seismitoad, F|414\/414","|turn|1","|","|move|p2a: Seismitoad|Stealth Rock|p1a: Toxapex","|-sidestart35527|move: Stealth Rock","|move|p1a: Toxapex|Toxic Spikes|p2a: Seismitoad","|-sidestart66425|move: Toxic Spikes","|","|upkeep","|turn|2","|","|switch|p2a: Ferrothorn|Ferrothorn, F|352\/352","|move|p1a: Toxapex|Toxic Spikes|p2a: Ferrothorn","|-sidestart66425|move: Toxic Spikes","|","|upkeep","|turn|3","|","|move|p1a: Toxapex|Scald|p2a: Ferrothorn","|-resisted|p2a: Ferrothorn","|-damage|p2a: Ferrothorn|329\/352","|move|p2a: Ferrothorn|Leech Seed|p1a: Toxapex","|-start|p1a: Toxapex|move: Leech Seed","|","|-heal|p2a: Ferrothorn|351\/352|[from] item: Leftovers","|-damage|p1a: Toxapex|266\/303|[from] Leech Seed|[of] p2a: Ferrothorn","|-heal|p2a: Ferrothorn|352\/352|[silent]","|upkeep","|turn|4","|","|move|p1a: Toxapex|Scald|p2a: Ferrothorn","|-resisted|p2a: Ferrothorn","|-damage|p2a: Ferrothorn|332\/352","|move|p2a: Ferrothorn|Spikes|p1a: Toxapex","|-sidestart35527|Spikes","|","|-heal|p2a: Ferrothorn|352\/352|[from] item: Leftovers","|-damage|p1a: Toxapex|229\/303|[from] Leech Seed|[of] p2a: Ferrothorn","|upkeep","|turn|5","|","|switch|p2a: Rotom|Rotom-Heat|304\/304","|move|p1a: Toxapex|Scald|p2a: Rotom","|-supereffective|p2a: Rotom","|-damage|p2a: Rotom|212\/304","|","|-damage|p1a: Toxapex|192\/303|[from] Leech Seed|[of] p2a: Rotom","|-heal|p2a: Rotom|249\/304|[silent]","|upkeep","|turn|6","|","|switch|p1a: Gastrodon|Gastrodon, M|425\/425","|-damage|p1a: Gastrodon|372\/425|[from] Spikes","|-damage|p1a: Gastrodon|346\/425|[from] Stealth Rock","|move|p2a: Rotom|Volt Switch|p1a: Gastrodon","|-immune|p1a: Gastrodon","|","|-heal|p1a: Gastrodon|372\/425|[from] item: Leftovers","|upkeep","|turn|7","|","|switch|p2a: Ferrothorn|Ferrothorn, F|352\/352","|move|p1a: Gastrodon|Earth Power|p2a: Ferrothorn","|-damage|p2a: Ferrothorn|283\/352","|","|-heal|p1a: Gastrodon|398\/425|[from] item: Leftovers","|-heal|p2a: Ferrothorn|305\/352|[from] item: Leftovers","|upkeep","|turn|8","|","|switch|p1a: Rotom|Rotom-Heat|303\/303","|move|p2a: Ferrothorn|Power Whip|p1a: Rotom","|-resisted|p1a: Rotom","|-damage|p1a: Rotom|251\/303","|","|-heal|p2a: Ferrothorn|327\/352|[from] item: Leftovers","|upkeep","|turn|9","|","|switch|p2a: Rotom|Rotom-Heat|249\/304","|move|p1a: Rotom|Hex|p2a: Rotom","|-damage|p2a: Rotom|202\/304","|","|upkeep","|turn|10","|","|move|p1a: Rotom|Thunderbolt|p2a: Rotom","|-resisted|p2a: Rotom","|-damage|p2a: Rotom|145\/304","|move|p2a: Rotom|Volt Switch|p1a: Rotom","|-resisted|p1a: Rotom","|-damage|p1a: Rotom|213\/303","|","|switch|p2a: Tyranitar|Tyranitar, M|353\/353","|-status|p2a: Tyranitar|tox","|-weather|Sandstorm|[from] ability: Sand Stream|[of] p2a: Tyranitar","|","|-weather|Sandstorm|[upkeep]","|-damage|p1a: Rotom|195\/303|[from] Sandstorm","|-damage|p2a: Tyranitar|331\/353 tox|[from] psn","|upkeep","|turn|11","|","|switch|p1a: Kommo-o|Kommo-o, M|353\/353","|-damage|p1a: Kommo-o|331\/353|[from] Stealth Rock","|-damage|p1a: Kommo-o|287\/353|[from] Spikes","|move|p2a: Tyranitar|Stone Edge|p1a: Kommo-o","|-resisted|p1a: Kommo-o","|-damage|p1a: Kommo-o|194\/353","|","|-weather|Sandstorm|[upkeep]","|-damage|p1a: Kommo-o|172\/353|[from] Sandstorm","|-heal|p1a: Kommo-o|194\/353|[from] item: Leftovers","|-damage|p2a: Tyranitar|287\/353 tox|[from] psn","|upkeep","|turn|12","|","|move|p2a: Tyranitar|Stone Edge|p1a: Kommo-o","|-resisted|p1a: Kommo-o","|-damage|p1a: Kommo-o|95\/353","|move|p1a: Kommo-o|Stealth Rock|p2a: Tyranitar","|-sidestart66425|move: Stealth Rock","|","|-weather|Sandstorm|[upkeep]","|-damage|p1a: Kommo-o|73\/353|[from] Sandstorm","|-heal|p1a: Kommo-o|95\/353|[from] item: Leftovers","|-damage|p2a: Tyranitar|221\/353 tox|[from] psn","|upkeep","|turn|13","|","|switch|p2a: Ferrothorn|Ferrothorn, F|327\/352","|-damage|p2a: Ferrothorn|305\/352|[from] Stealth Rock","|switch|p1a: Corviknight|Corviknight, M|399\/399","|-damage|p1a: Corviknight|350\/399|[from] Stealth Rock","|-ability|p1a: Corviknight|Pressure","|","|-weather|Sandstorm|[upkeep]","|-heal|p1a: Corviknight|374\/399|[from] item: Leftovers","|-heal|p2a: Ferrothorn|327\/352|[from] item: Leftovers","|upkeep","|turn|14","|","|move|p1a: Corviknight|Body Press|p2a: Ferrothorn","|-supereffective|p2a: Ferrothorn","|-damage|p2a: Ferrothorn|211\/352","|-damage|p1a: Corviknight|325\/399|[from] ability: Iron Barbs|[of] p2a: Ferrothorn","|move|p2a: Ferrothorn|Leech Seed|p1a: Corviknight","|-start|p1a: Corviknight|move: Leech Seed","|","|-weather|none","|-heal|p1a: Corviknight|349\/399|[from] item: Leftovers","|-heal|p2a: Ferrothorn|233\/352|[from] item: Leftovers","|-damage|p1a: Corviknight|300\/399|[from] Leech Seed|[of] p2a: Ferrothorn","|-heal|p2a: Ferrothorn|282\/352|[silent]","|upkeep","|turn|15","|","|switch|p1a: Rotom|Rotom-Heat|195\/303","|move|p2a: Ferrothorn|Spikes|p1a: Rotom","|-sidestart35527|Spikes","|","|-heal|p2a: Ferrothorn|304\/352|[from] item: Leftovers","|upkeep","|turn|16","|","|switch|p2a: Tyranitar|Tyranitar, M|221\/353 tox","|-damage|p2a: Tyranitar|177\/353 tox|[from] Stealth Rock","|-weather|Sandstorm|[from] ability: Sand Stream|[of] p2a: Tyranitar","|move|p1a: Rotom|Overheat|p2a: Tyranitar","|-resisted|p2a: Tyranitar","|-damage|p2a: Tyranitar|123\/353 tox","|-unboost|p1a: Rotom|spa|2","|","|-weather|Sandstorm|[upkeep]","|-damage|p1a: Rotom|177\/303|[from] Sandstorm","|-damage|p2a: Tyranitar|101\/353 tox|[from] psn","|upkeep","|turn|17","|","|switch|p1a: Toxapex|Toxapex, F|293\/303","|-damage|p1a: Toxapex|243\/303|[from] Spikes","|-damage|p1a: Toxapex|206\/303|[from] Stealth Rock","|move|p2a: Tyranitar|Crunch|p1a: Toxapex","|-damage|p1a: Toxapex|73\/303","|-damage|p2a: Tyranitar|43\/353 tox|[from] item: Rocky Helmet|[of] p1a: Toxapex","|","|-weather|Sandstorm|[upkeep]","|-damage|p1a: Toxapex|55\/303|[from] Sandstorm","|-damage|p2a: Tyranitar|0 fnt|[from] psn","|faint|p2a: Tyranitar","|upkeep","|","|switch|p2a: Rotom|Rotom-Heat|145\/304","|turn|18","|","|switch|p2a: Ferrothorn|Ferrothorn, F|304\/352","|-damage|p2a: Ferrothorn|282\/352|[from] Stealth Rock","|switch|p1a: Gastrodon|Gastrodon, M|398\/425","|-damage|p1a: Gastrodon|372\/425|[from] Stealth Rock","|-damage|p1a: Gastrodon|302\/425|[from] Spikes","|","|-weather|Sandstorm|[upkeep]","|-heal|p1a: Gastrodon|328\/425|[from] item: Leftovers","|-heal|p2a: Ferrothorn|304\/352|[from] item: Leftovers","|upkeep","|turn|19","|","|switch|p1a: Corviknight|Corviknight, M|300\/399","|-damage|p1a: Corviknight|251\/399|[from] Stealth Rock","|-ability|p1a: Corviknight|Pressure","|move|p2a: Ferrothorn|Leech Seed|p1a: Corviknight","|-start|p1a: Corviknight|move: Leech Seed","|","|-weather|Sandstorm|[upkeep]","|-heal|p1a: Corviknight|275\/399|[from] item: Leftovers","|-heal|p2a: Ferrothorn|326\/352|[from] item: Leftovers","|-damage|p1a: Corviknight|226\/399|[from] Leech Seed|[of] p2a: Ferrothorn","|-heal|p2a: Ferrothorn|352\/352|[silent]","|upkeep","|turn|20","|","|move|p1a: Corviknight|Defog|p2a: Ferrothorn","|-unboost|p2a: Ferrothorn|evasion|1","|-sideend66425|Toxic Spikes|[from] move: Defog|[of] p1a: Corviknight","|-sideend66425|Stealth Rock|[from] move: Defog|[of] p1a: Corviknight","|-sideend35527|Spikes|[from] move: Defog|[of] p1a: Corviknight","|-sideend35527|Stealth Rock|[from] move: Defog|[of] p1a: Corviknight","|move|p2a: Ferrothorn|Spikes|p1a: Corviknight","|-sidestart35527|Spikes","|","|-weather|none","|-heal|p1a: Corviknight|250\/399|[from] item: Leftovers","|-damage|p1a: Corviknight|201\/399|[from] Leech Seed|[of] p2a: Ferrothorn","|upkeep","|turn|21","|","|switch|p2a: Darmanitan|Darmanitan-Galar, M|351\/351","|move|p1a: Corviknight|Roost|p1a: Corviknight","|-heal|p1a: Corviknight|399\/399","|-singleturn|p1a: Corviknight|move: Roost","|","|-damage|p1a: Corviknight|350\/399|[from] Leech Seed|[of] p2a: Darmanitan","|upkeep","|turn|22","|","|switch|p1a: Rotom|Rotom-Heat|177\/303","|move|p2a: Darmanitan|Flare Blitz|p1a: Rotom","|-resisted|p1a: Rotom","|-damage|p1a: Rotom|90\/303","|-damage|p2a: Darmanitan|322\/351|[from] Recoil","|","|upkeep","|turn|23","|","|switch|p2a: Seismitoad|Seismitoad, F|414\/414","|switch|p1a: Toxapex|Toxapex, F|156\/303","|-damage|p1a: Toxapex|119\/303|[from] Spikes","|","|upkeep","|turn|24","|j| Hhgthggx","|l| Hhgthggx","|","|switch|p1a: Corviknight|Corviknight, M|350\/399","|-ability|p1a: Corviknight|Pressure","|move|p2a: Seismitoad|Stealth Rock|p1a: Corviknight","|-sidestart35527|move: Stealth Rock","|","|-heal|p1a: Corviknight|374\/399|[from] item: Leftovers","|upkeep","|turn|25","|","|switch|p2a: Rotom|Rotom-Heat|145\/304","|move|p1a: Corviknight|Defog|p2a: Rotom","|-unboost|p2a: Rotom|evasion|1","|-sideend35527|Spikes|[from] move: Defog|[of] p1a: Corviknight","|-sideend35527|Stealth Rock|[from] move: Defog|[of] p1a: Corviknight","|","|-heal|p1a: Corviknight|398\/399|[from] item: Leftovers","|upkeep","|turn|26","|","|switch|p1a: Sylveon|Sylveon, M|393\/393","|move|p2a: Rotom|Will-O-Wisp|p1a: Sylveon","|-status|p1a: Sylveon|brn","|","|-damage|p1a: Sylveon|369\/393 brn|[from] brn","|upkeep","|turn|27","|","|move|p2a: Rotom|Volt Switch|p1a: Sylveon","|-damage|p1a: Sylveon|317\/393 brn","|","|switch|p2a: Darmanitan|Darmanitan-Galar, M|322\/351","|move|p1a: Sylveon|Wish|p1a: Sylveon","|","|-heal|p1a: Sylveon|341\/393 brn|[from] item: Leftovers","|-damage|p1a: Sylveon|317\/393 brn|[from] brn","|upkeep","|turn|28","|","|move|p1a: Sylveon|Protect|p1a: Sylveon","|-singleturn|p1a: Sylveon|Protect","|move|p2a: Darmanitan|Icicle Crash|p1a: Sylveon","|-activate|p1a: Sylveon|move: Protect","|","|-heal|p1a: Sylveon|393\/393 brn|[from] move: Wish|[wisher] Sylveon","|-damage|p1a: Sylveon|369\/393 brn|[from] brn","|upkeep","|turn|29","|","|switch|p2a: Dragapult|Dragapult, M|317\/317","|switch|p1a: Toxapex|Toxapex, F|220\/303","|","|upkeep","|turn|30","|","|switch|p1a: Sylveon|Sylveon, M|369\/393 brn","|move|p2a: Dragapult|Substitute|p2a: Dragapult","|-start|p2a: Dragapult|Substitute","|-damage|p2a: Dragapult|238\/317","|","|-heal|p2a: Dragapult|257\/317|[from] item: Leftovers","|-heal|p1a: Sylveon|393\/393 brn|[from] item: Leftovers","|-damage|p1a: Sylveon|369\/393 brn|[from] brn","|upkeep","|turn|31","|","|switch|p2a: Rotom|Rotom-Heat|145\/304","|move|p1a: Sylveon|Hyper Voice|p2a: Rotom","|-resisted|p2a: Rotom","|-damage|p2a: Rotom|86\/304","|","|-heal|p1a: Sylveon|393\/393 brn|[from] item: Leftovers","|-damage|p1a: Sylveon|369\/393 brn|[from] brn","|upkeep","|turn|32","|","|move|p2a: Rotom|Volt Switch|p1a: Sylveon","|-damage|p1a: Sylveon|314\/393 brn","|","|switch|p2a: Ferrothorn|Ferrothorn, F|352\/352","|move|p1a: Sylveon|Wish|p1a: Sylveon","|","|-heal|p1a: Sylveon|338\/393 brn|[from] item: Leftovers","|-damage|p1a: Sylveon|314\/393 brn|[from] brn","|upkeep","|turn|33","|","|move|p1a: Sylveon|Mystical Fire|p2a: Ferrothorn","|-supereffective|p2a: Ferrothorn","|-damage|p2a: Ferrothorn|148\/352","|-unboost|p2a: Ferrothorn|spa|1","|move|p2a: Ferrothorn|Leech Seed|p1a: Sylveon","|-start|p1a: Sylveon|move: Leech Seed","|","|-heal|p1a: Sylveon|393\/393 brn|[from] move: Wish|[wisher] Sylveon","|-heal|p2a: Ferrothorn|170\/352|[from] item: Leftovers","|-damage|p1a: Sylveon|344\/393 brn|[from] Leech Seed|[of] p2a: Ferrothorn","|-heal|p2a: Ferrothorn|219\/352|[silent]","|-damage|p1a: Sylveon|320\/393 brn|[from] brn","|upkeep","|turn|34","|","|switch|p2a: Dragapult|Dragapult, M|257\/317","|move|p1a: Sylveon|Wish|p1a: Sylveon","|","|-heal|p2a: Dragapult|276\/317|[from] item: Leftovers","|-heal|p1a: Sylveon|344\/393 brn|[from] item: Leftovers","|-damage|p1a: Sylveon|295\/393 brn|[from] Leech Seed|[of] p2a: Dragapult","|-heal|p2a: Dragapult|317\/317|[silent]","|-damage|p1a: Sylveon|271\/393 brn|[from] brn","|upkeep","|turn|35","|l|\u260666425","|player|p2|","|-message|66425 lost due to inactivity.","|","|win|35527","|raw|35527's rating: 1548 &rarr; <strong>1566<\/strong><br \/>(+18 for winning)","|raw|66425's rating: 1508 &rarr; <strong>1490<\/strong><br \/>(-18 for losing)",""],"p1":"35527","p1rating":1528,"p1team":[{"ability":"stormdrain","evs":{"atk":0,"def":252,"hp":248,"spa":0,"spd":8,"spe":0},"happiness":160,"item":"leftovers","ivs":{"atk":0,"def":31,"hp":31,"spa":31,"spd":31,"spe":31},"level":100,"moves":["earthpower","clearsmog","recover","scald"],"name":"Gastrodon","nature":"","species":"Gastrodon"},{"ability":"pressure","evs":{"atk":0,"def":252,"hp":248,"spa":0,"spd":8,"spe":0},"happiness":160,"item":"leftovers","ivs":{"atk":31,"def":31,"hp":31,"spa":31,"spd":31,"spe":31},"level":100,"moves":["roost","defog","bodypress","bravebird"],"name":"Corviknight","nature":"Impish","species":"Corviknight"},{"ability":"soundproof","evs":{"atk":0,"def":248,"hp":248,"spa":0,"spd":0,"spe":12},"happiness":160,"item":"leftovers","ivs":{"atk":31,"def":31,"hp":31,"spa":31,"spd":31,"spe":31},"level":100,"moves":["stealthrock","irondefense","bodypress","dragontail"],"name":"Kommo-o","nature":"Careful","species":"Kommo-o"},{"ability":"pixilate","evs":{"atk":0,"def":44,"hp":248,"spa":0,"spd":216,"spe":0},"happiness":160,"item":"leftovers","ivs":{"atk":0,"def":31,"hp":31,"spa":31,"spd":31,"spe":31},"level":100,"moves":["protect","hypervoice","wish","mysticalfire"],"name":"Sylveon","nature":"Calm","species":"Sylveon"},{"ability":"levitate","evs":{"atk":0,"def":252,"hp":248,"spa":0,"spd":8,"spe":0},"gender":"N","happiness":160,"item":"heavydutyboots","ivs":{"atk":0,"def":31,"hp":31,"spa":31,"spd":31,"spe":31},"level":100,"moves":["overheat","thunderbolt","nastyplot","hex"],"name":"Rotom","nature":"Modest","species":"rotomheat"},{"ability":"regenerator","evs":{"atk":0,"def":252,"hp":248,"spa":0,"spd":8,"spe":0},"happiness":160,"item":"rockyhelmet","ivs":{"atk":0,"def":31,"hp":31,"spa":31,"spd":31,"spe":31},"level":100,"moves":["scald","toxicspikes","recover","haze"],"name":"Toxapex","nature":"Bold","species":"Toxapex"}],"p2":"66425","p2rating":1508,"p2team":[{"ability":"sandstream","evs":{"atk":252,"def":0,"hp":48,"spa":0,"spd":0,"spe":208},"happiness":160,"item":"choiceband","ivs":{"atk":31,"def":31,"hp":31,"spa":31,"spd":31,"spe":31},"level":100,"moves":["crunch","stoneedge","firepunch","heavyslam"],"name":"Tyranitar","nature":"Adamant","species":"Tyranitar"},{"ability":"gorillatactics","evs":{"atk":252,"def":0,"hp":0,"spa":0,"spd":4,"spe":252},"happiness":160,"item":"choicescarf","ivs":{"atk":31,"def":31,"hp":31,"spa":31,"spd":31,"spe":31},"level":100,"moves":["iciclecrash","flareblitz","earthquake","uturn"],"name":"Darmanitan","nature":"Jolly","species":"darmanitangalar"},{"ability":"clearbody","evs":{"atk":252,"def":0,"hp":0,"spa":0,"spd":4,"spe":252},"happiness":160,"item":"leftovers","ivs":{"atk":31,"def":31,"hp":31,"spa":31,"spd":31,"spe":31},"level":100,"moves":["substitute","dragondance","phantomforce","dragondarts"],"name":"Dragapult","nature":"Adamant","species":"Dragapult"},{"ability":"ironbarbs","evs":{"atk":0,"def":88,"hp":252,"spa":0,"spd":168,"spe":0},"happiness":160,"item":"leftovers","ivs":{"atk":31,"def":31,"hp":31,"spa":31,"spd":31,"spe":31},"level":100,"moves":["spikes","leechseed","powerwhip","protect"],"name":"Ferrothorn","nature":"Impish","species":"Ferrothorn"},{"ability":"levitate","evs":{"atk":0,"def":156,"hp":252,"spa":0,"spd":100,"spe":0},"gender":"N","happiness":160,"item":"heavydutyboots","ivs":{"atk":0,"def":31,"hp":31,"spa":31,"spd":31,"spe":31},"level":100,"moves":["voltswitch","overheat","thunderwave","willowisp"],"name":"Rotom","nature":"Bold","species":"rotomheat"},{"ability":"swiftswim","evs":{"atk":0,"def":252,"hp":252,"spa":0,"spd":4,"spe":0},"happiness":160,"item":"leftovers","ivs":{"atk":0,"def":31,"hp":31,"spa":31,"spd":31,"spe":31},"level":100,"moves":["protect","toxic","stealthrock","scald"],"name":"Seismitoad","nature":"Bold","species":"Seismitoad"}],"roomid":1023268,"score":[6,5],"seed":[23882,335,41990,4718],"timestamp":"Sat Dec 28 2019 11:XX","turns":35,"winner":"35527","rated_battle":true,"average_rating":1518}