{"endType":"forfeit","format":"gen8ou","inputLog":[">version aa9f8c6b9cf4eca780a1296832ecd3b0009641e0",">version-origin 5e8529faaa5905c5f8e15eafaaefa806ee8c7d06",">start {\"formatid\":\"gen8ou\",\"seed\":[63368,36753,2697,6393],\"rated\":\"Rated battle\"}",">player p1 {\"\"name\":\"67576\",\"rating\":1362}",">player p2 {\"\"name\":\"14587\",\"rating\":1375}",">p1 team 2, 1, 3, 4, 5, 6",">p2 team 5, 2, 3, 4, 1, 6",">p1 move uturn",">p2 move toxic",">p1 switch 6",">p1 move leechseed",">p2 switch 2",">p1 move spikes",">p2 move knockoff",">p1 move spikes",">p2 move spikes",">p1 switch 4",">p2 move spikes",">p1 move hurricane",">p2 move knockoff",">p1 move hurricane",">p2 move protect",">p1 move roost",">p2 move leechseed",">p1 move hurricane",">p2 move protect",">p1 move hurricane",">p2 move leechseed",">p1 switch 6",">p2 move spikes",">p1 move scald",">p2 move leechseed",">p1 move uturn",">p2 move knockoff",">p1 switch 6",">p1 move hurricane",">p2 move protect",">p1 move hurricane",">p2 switch 2",">p1 move hurricane",">p2 move toxic",">p1 switch 4",">p2 switch 2",">p1 switch 3",">p2 switch 2",">p1 move rapidspin",">p2 switch 4",">p1 move stealthrock",">p2 move stealthrock",">p1 switch 3",">p2 move strengthsap",">p1 move leechseed",">p2 switch 2",">p1 move spikes",">p2 move leechseed",">p1 switch 6",">p2 move leechseed",">p1 switch 5",">p2 move protect",">p1 move superpower",">p2 move protect",">p1 move stoneedge",">p2 switch 2",">p1 move stoneedge",">p2 move strengthsap",">p1 switch 2",">p2 move willowisp",">p1 move fishiousrend",">p2 move strengthsap",">p1 switch 6",">p2 move willowisp"],"log":["|j|\u260667576","|j|\u260614587","|player|p1|67576|170|1362","|player|p2|14587|1|1375","|teamsize|p1|6","|teamsize|p2|6","|gametype|singles","|gen|8","|tier|[Gen 8] OU","|rated|","|rule|Sleep Clause Mod: Limit one foe put to sleep","|rule|Species Clause: Limit one of each Pok\u00e9mon","|rule|OHKO Clause: OHKO moves are banned","|rule|Evasion Moves Clause: Evasion moves are banned","|rule|Endless Battle Clause: Forcing endless battles is banned","|rule|HP Percentage Mod: HP is shown in percentages","|clearpoke","|poke|p1|Dracovish|","|poke|p1|Pelipper, M|","|poke|p1|Excadrill, F|","|poke|p1|Mantine, M|","|poke|p1|Drednaw, M|","|poke|p1|Ferrothorn, M|","|poke|p2|Corviknight, F|","|poke|p2|Ferrothorn, M|","|poke|p2|Dragapult, F|","|poke|p2|Corsola-Galar, F|","|poke|p2|Toxapex, M|","|poke|p2|Clefable, F|","|rule|Dynamax Clause: You cannot dynamax","|teampreview","|","|start","|switch|p1a: Pelipper|Pelipper, M|323\/323","|switch|p2a: Toxapex|Toxapex, M|304\/304","|-weather|RainDance|[from] ability: Drizzle|[of] p1a: Pelipper","|turn|1","|","|move|p1a: Pelipper|U-turn|p2a: Toxapex","|-resisted|p2a: Toxapex","|-damage|p2a: Toxapex|294\/304","|","|switch|p1a: Ferrothorn|Ferrothorn, M|351\/351","|move|p2a: Toxapex|Toxic|p1a: Ferrothorn","|-immune|p1a: Ferrothorn","|","|-weather|RainDance|[upkeep]","|-heal|p2a: Toxapex|304\/304|[from] item: Black Sludge","|upkeep","|turn|2","|","|switch|p2a: Ferrothorn|Ferrothorn, M|352\/352","|move|p1a: Ferrothorn|Leech Seed|p2a: Ferrothorn","|-immune|p2a: Ferrothorn","|","|-weather|RainDance|[upkeep]","|upkeep","|turn|3","|","|move|p2a: Ferrothorn|Knock Off|p1a: Ferrothorn","|-damage|p1a: Ferrothorn|308\/351","|-damage|p2a: Ferrothorn|308\/352|[from] ability: Iron Barbs|[of] p1a: Ferrothorn","|-damage|p2a: Ferrothorn|250\/352|[from] item: Rocky Helmet|[of] p1a: Ferrothorn","|-enditem|p1a: Ferrothorn|Rocky Helmet|[from] move: Knock Off|[of] p2a: Ferrothorn","|move|p1a: Ferrothorn|Spikes|p2a: Ferrothorn","|-sidestart14587|Spikes","|","|-weather|RainDance|[upkeep]","|-heal|p2a: Ferrothorn|272\/352|[from] item: Leftovers","|upkeep","|turn|4","|","|move|p2a: Ferrothorn|Spikes|p1a: Ferrothorn","|-sidestart67576|Spikes","|move|p1a: Ferrothorn|Spikes|p2a: Ferrothorn","|-sidestart14587|Spikes","|","|-weather|RainDance|[upkeep]","|-heal|p2a: Ferrothorn|294\/352|[from] item: Leftovers","|upkeep","|turn|5","|","|switch|p1a: Mantine|Mantine, M|311\/311","|move|p2a: Ferrothorn|Spikes|p1a: Mantine","|-sidestart67576|Spikes","|","|-weather|RainDance|[upkeep]","|-heal|p2a: Ferrothorn|316\/352|[from] item: Leftovers","|upkeep","|turn|6","|","|move|p1a: Mantine|Hurricane|p2a: Ferrothorn","|-damage|p2a: Ferrothorn|129\/352","|move|p2a: Ferrothorn|Knock Off|p1a: Mantine","|-crit|p1a: Mantine","|-damage|p1a: Mantine|167\/311","|-enditem|p1a: Mantine|Choice Specs|[from] move: Knock Off|[of] p2a: Ferrothorn","|","|-weather|RainDance|[upkeep]","|-heal|p2a: Ferrothorn|151\/352|[from] item: Leftovers","|upkeep","|turn|7","|","|move|p2a: Ferrothorn|Protect|p2a: Ferrothorn","|-singleturn|p2a: Ferrothorn|Protect","|move|p1a: Mantine|Hurricane|p2a: Ferrothorn","|-activate|p2a: Ferrothorn|move: Protect","|","|-weather|RainDance|[upkeep]","|-heal|p2a: Ferrothorn|173\/352|[from] item: Leftovers","|upkeep","|turn|8","|","|move|p1a: Mantine|Roost|p1a: Mantine","|-heal|p1a: Mantine|311\/311","|-singleturn|p1a: Mantine|move: Roost","|move|p2a: Ferrothorn|Leech Seed|p1a: Mantine|[miss]","|-miss|p2a: Ferrothorn|p1a: Mantine","|","|-weather|none","|-heal|p2a: Ferrothorn|195\/352|[from] item: Leftovers","|upkeep","|turn|9","|","|move|p2a: Ferrothorn|Protect|p2a: Ferrothorn","|-singleturn|p2a: Ferrothorn|Protect","|move|p1a: Mantine|Hurricane|p2a: Ferrothorn","|-activate|p2a: Ferrothorn|move: Protect","|","|-heal|p2a: Ferrothorn|217\/352|[from] item: Leftovers","|upkeep","|turn|10","|","|move|p1a: Mantine|Hurricane|p2a: Ferrothorn|[miss]","|-miss|p1a: Mantine|p2a: Ferrothorn","|move|p2a: Ferrothorn|Leech Seed|p1a: Mantine","|-start|p1a: Mantine|move: Leech Seed","|","|-heal|p2a: Ferrothorn|239\/352|[from] item: Leftovers","|-damage|p1a: Mantine|273\/311|[from] Leech Seed|[of] p2a: Ferrothorn","|-heal|p2a: Ferrothorn|277\/352|[silent]","|upkeep","|turn|11","|","|switch|p1a: Pelipper|Pelipper, M|323\/323","|-weather|RainDance|[from] ability: Drizzle|[of] p1a: Pelipper","|move|p2a: Ferrothorn|Spikes|p1a: Pelipper","|-sidestart67576|Spikes","|","|-weather|RainDance|[upkeep]","|-heal|p2a: Ferrothorn|299\/352|[from] item: Leftovers","|upkeep","|turn|12","|","|move|p1a: Pelipper|Scald|p2a: Ferrothorn","|-resisted|p2a: Ferrothorn","|-damage|p2a: Ferrothorn|238\/352","|move|p2a: Ferrothorn|Leech Seed|p1a: Pelipper","|-start|p1a: Pelipper|move: Leech Seed","|","|-weather|RainDance|[upkeep]","|-heal|p2a: Ferrothorn|260\/352|[from] item: Leftovers","|-damage|p1a: Pelipper|283\/323|[from] Leech Seed|[of] p2a: Ferrothorn","|-heal|p2a: Ferrothorn|300\/352|[silent]","|upkeep","|turn|13","|","|move|p1a: Pelipper|U-turn|p2a: Ferrothorn","|-damage|p2a: Ferrothorn|282\/352","|-damage|p1a: Pelipper|243\/323|[from] ability: Iron Barbs|[of] p2a: Ferrothorn","|","|switch|p1a: Mantine|Mantine, M|273\/311","|move|p2a: Ferrothorn|Knock Off|p1a: Mantine","|-damage|p1a: Mantine|205\/311","|","|-weather|RainDance|[upkeep]","|-heal|p2a: Ferrothorn|304\/352|[from] item: Leftovers","|upkeep","|turn|14","|","|move|p2a: Ferrothorn|Protect|p2a: Ferrothorn","|-singleturn|p2a: Ferrothorn|Protect","|move|p1a: Mantine|Hurricane|p2a: Ferrothorn","|-activate|p2a: Ferrothorn|move: Protect","|","|-weather|RainDance|[upkeep]","|-heal|p2a: Ferrothorn|326\/352|[from] item: Leftovers","|upkeep","|turn|15","|","|switch|p2a: Toxapex|Toxapex, M|304\/304","|-damage|p2a: Toxapex|254\/304|[from] Spikes","|move|p1a: Mantine|Hurricane|p2a: Toxapex","|-damage|p2a: Toxapex|167\/304","|-start|p2a: Toxapex|confusion","|","|-weather|RainDance|[upkeep]","|-heal|p2a: Toxapex|186\/304|[from] item: Black Sludge","|upkeep","|turn|16","|","|move|p1a: Mantine|Hurricane|p2a: Toxapex","|-damage|p2a: Toxapex|92\/304","|-activate|p2a: Toxapex|confusion","|move|p2a: Toxapex|Toxic|p1a: Mantine","|-status|p1a: Mantine|tox","|","|-weather|RainDance|[upkeep]","|-heal|p2a: Toxapex|111\/304|[from] item: Black Sludge","|-damage|p1a: Mantine|186\/311 tox|[from] psn","|upkeep","|turn|17","|","|switch|p1a: Ferrothorn|Ferrothorn, M|308\/351","|-damage|p1a: Ferrothorn|221\/351|[from] Spikes","|switch|p2a: Ferrothorn|Ferrothorn, M|326\/352","|-damage|p2a: Ferrothorn|268\/352|[from] Spikes","|","|-weather|RainDance|[upkeep]","|-heal|p2a: Ferrothorn|290\/352|[from] item: Leftovers","|upkeep","|turn|18","|","|switch|p2a: Toxapex|Toxapex, M|212\/304","|-damage|p2a: Toxapex|162\/304|[from] Spikes","|switch|p1a: Excadrill|Excadrill, F|361\/361","|-damage|p1a: Excadrill|271\/361|[from] Spikes","|-ability|p1a: Excadrill|Mold Breaker","|","|-weather|none","|-heal|p1a: Excadrill|293\/361|[from] item: Leftovers","|-heal|p2a: Toxapex|181\/304|[from] item: Black Sludge","|upkeep","|turn|19","|","|switch|p2a: Corsola|Corsola-Galar, F|324\/324","|-damage|p2a: Corsola|270\/324|[from] Spikes","|move|p1a: Excadrill|Rapid Spin|p2a: Corsola","|-immune|p2a: Corsola","|","|-heal|p1a: Excadrill|315\/361|[from] item: Leftovers","|upkeep","|turn|20","|","|move|p1a: Excadrill|Stealth Rock|p2a: Corsola","|-sidestart14587|move: Stealth Rock","|move|p2a: Corsola|Stealth Rock|p1a: Excadrill","|-sidestart67576|move: Stealth Rock","|","|-heal|p1a: Excadrill|337\/361|[from] item: Leftovers","|upkeep","|turn|21","|","|switch|p1a: Ferrothorn|Ferrothorn, M|221\/351","|-damage|p1a: Ferrothorn|200\/351|[from] Stealth Rock","|-damage|p1a: Ferrothorn|113\/351|[from] Spikes","|move|p2a: Corsola|Strength Sap|p1a: Ferrothorn","|-unboost|p1a: Ferrothorn|atk|1","|-heal|p2a: Corsola|324\/324","|","|upkeep","|turn|22","|","|switch|p2a: Ferrothorn|Ferrothorn, M|290\/352","|-damage|p2a: Ferrothorn|268\/352|[from] Stealth Rock","|-damage|p2a: Ferrothorn|210\/352|[from] Spikes","|move|p1a: Ferrothorn|Leech Seed|p2a: Ferrothorn","|-immune|p2a: Ferrothorn","|","|-heal|p2a: Ferrothorn|232\/352|[from] item: Leftovers","|upkeep","|turn|23","|","|move|p2a: Ferrothorn|Leech Seed|p1a: Ferrothorn","|-immune|p1a: Ferrothorn","|move|p1a: Ferrothorn|Spikes|p2a: Ferrothorn","|-sidestart14587|Spikes","|","|-heal|p2a: Ferrothorn|254\/352|[from] item: Leftovers","|upkeep","|turn|24","|","|switch|p1a: Pelipper|Pelipper, M|243\/323","|-damage|p1a: Pelipper|163\/323|[from] Stealth Rock","|-weather|RainDance|[from] ability: Drizzle|[of] p1a: Pelipper","|move|p2a: Ferrothorn|Leech Seed|p1a: Pelipper","|-start|p1a: Pelipper|move: Leech Seed","|","|-weather|RainDance|[upkeep]","|-heal|p2a: Ferrothorn|276\/352|[from] item: Leftovers","|-damage|p1a: Pelipper|123\/323|[from] Leech Seed|[of] p2a: Ferrothorn","|-heal|p2a: Ferrothorn|316\/352|[silent]","|upkeep","|turn|25","|","|switch|p1a: Drednaw|Drednaw, M|321\/321","|-damage|p1a: Drednaw|241\/321|[from] Spikes","|-damage|p1a: Drednaw|201\/321|[from] Stealth Rock","|move|p2a: Ferrothorn|Protect||[still]","|-fail|p2a: Ferrothorn","|","|-weather|RainDance|[upkeep]","|-heal|p2a: Ferrothorn|338\/352|[from] item: Leftovers","|upkeep","|turn|26","|","|move|p2a: Ferrothorn|Protect|p2a: Ferrothorn","|-singleturn|p2a: Ferrothorn|Protect","|move|p1a: Drednaw|Superpower|p2a: Ferrothorn","|-activate|p2a: Ferrothorn|move: Protect","|","|-weather|RainDance|[upkeep]","|-heal|p2a: Ferrothorn|352\/352|[from] item: Leftovers","|upkeep","|turn|27","|","|switch|p2a: Corsola|Corsola-Galar, F|324\/324","|-damage|p2a: Corsola|243\/324|[from] Spikes","|-damage|p2a: Corsola|203\/324|[from] Stealth Rock","|move|p1a: Drednaw|Stone Edge|p2a: Corsola|[miss]","|-miss|p1a: Drednaw|p2a: Corsola","|","|-weather|RainDance|[upkeep]","|upkeep","|turn|28","|","|move|p1a: Drednaw|Stone Edge|p2a: Corsola","|-damage|p2a: Corsola|85\/324","|-damage|p1a: Drednaw|169\/321|[from] item: Life Orb","|move|p2a: Corsola|Strength Sap|p1a: Drednaw","|-unboost|p1a: Drednaw|atk|1","|-heal|p2a: Corsola|324\/324","|","|-weather|RainDance|[upkeep]","|upkeep","|turn|29","|","|switch|p1a: Dracovish|Dracovish|321\/321","|-damage|p1a: Dracovish|241\/321|[from] Spikes","|-damage|p1a: Dracovish|201\/321|[from] Stealth Rock","|move|p2a: Corsola|Will-O-Wisp|p1a: Dracovish|[miss]","|-miss|p2a: Corsola|p1a: Dracovish","|","|-weather|RainDance|[upkeep]","|upkeep","|turn|30","|","|move|p1a: Dracovish|Fishious Rend|p2a: Corsola","|-damage|p2a: Corsola|90\/324","|move|p2a: Corsola|Strength Sap|p1a: Dracovish","|-unboost|p1a: Dracovish|atk|1","|-heal|p2a: Corsola|324\/324","|","|-weather|RainDance|[upkeep]","|upkeep","|turn|31","|","|switch|p1a: Ferrothorn|Ferrothorn, M|113\/351","|-damage|p1a: Ferrothorn|26\/351|[from] Spikes","|-damage|p1a: Ferrothorn|5\/351|[from] Stealth Rock","|move|p2a: Corsola|Will-O-Wisp|p1a: Ferrothorn","|-status|p1a: Ferrothorn|brn","|","|-weather|none","|-damage|p1a: Ferrothorn|0 fnt|[from] brn","|faint|p1a: Ferrothorn","|upkeep","|-message|67576 forfeited.","|","|win|14587","|l|\u260667576","|raw|67576's rating: 1362 &rarr; <strong>1343<\/strong><br \/>(-19 for losing)","|raw|14587's rating: 1375 &rarr; <strong>1394<\/strong><br \/>(+19 for winning)",""],"p1":"67576","p1rating":1362,"p1team":[{"ability":"strongjaw","evs":{"atk":252,"def":0,"hp":0,"spa":0,"spd":4,"spe":252},"gender":"N","happiness":160,"item":"choicescarf","ivs":{"atk":31,"def":31,"hp":31,"spa":31,"spd":31,"spe":31},"level":100,"moves":["fishiousrend","psychicfangs","crunch","dragonrush"],"name":"Dracovish","nature":"Jolly","species":"Dracovish"},{"ability":"drizzle","evs":{"atk":16,"def":196,"hp":248,"spa":8,"spd":0,"spe":40},"happiness":160,"item":"damprock","ivs":{"atk":31,"def":31,"hp":31,"spa":31,"spd":31,"spe":31},"level":100,"moves":["uturn","scald","hurricane","roost"],"name":"Pelipper","nature":"Bold","species":"Pelipper"},{"ability":"moldbreaker","evs":{"atk":252,"def":0,"hp":0,"spa":0,"spd":4,"spe":252},"happiness":160,"item":"leftovers","ivs":{"atk":31,"def":31,"hp":31,"spa":31,"spd":31,"spe":31},"level":100,"moves":["rapidspin","earthquake","ironhead","stealthrock"],"name":"Excadrill","nature":"Jolly","species":"Excadrill"},{"ability":"swiftswim","evs":{"atk":0,"def":0,"hp":0,"spa":252,"spd":4,"spe":252},"happiness":160,"item":"choicespecs","ivs":{"atk":0,"def":31,"hp":31,"spa":31,"spd":31,"spe":31},"level":100,"moves":["hurricane","hydropump","icebeam","roost"],"name":"Mantine","nature":"Modest","species":"Mantine"},{"ability":"swiftswim","evs":{"atk":252,"def":0,"hp":0,"spa":0,"spd":4,"spe":252},"happiness":160,"item":"lifeorb","ivs":{"atk":31,"def":31,"hp":31,"spa":31,"spd":31,"spe":31},"level":100,"moves":["stoneedge","liquidation","superpower","earthquake"],"name":"Drednaw","nature":"Adamant","species":"Drednaw"},{"ability":"ironbarbs","evs":{"atk":8,"def":252,"hp":248,"spa":0,"spd":0,"spe":0},"happiness":160,"item":"rockyhelmet","ivs":{"atk":31,"def":31,"hp":31,"spa":31,"spd":31,"spe":31},"level":100,"moves":["spikes","protect","leechseed","powerwhip"],"name":"Ferrothorn","nature":"Impish","species":"Ferrothorn"}],"p2":"14587","p2rating":1375,"p2team":[{"ability":"pressure","evs":{"atk":0,"def":76,"hp":252,"spa":0,"spd":180,"spe":0},"happiness":160,"item":"leftovers","ivs":{"atk":31,"def":31,"hp":31,"spa":31,"spd":31,"spe":31},"level":100,"moves":["bravebird","roost","defog","uturn"],"name":"Corviknight","nature":"Impish","species":"Corviknight"},{"ability":"ironbarbs","evs":{"atk":4,"def":252,"hp":252,"spa":0,"spd":0,"spe":0},"happiness":160,"item":"leftovers","ivs":{"atk":31,"def":31,"hp":31,"spa":31,"spd":31,"spe":31},"level":100,"moves":["leechseed","spikes","protect","knockoff"],"name":"Ferrothorn","nature":"Impish","species":"Ferrothorn"},{"ability":"infiltrator","evs":{"atk":0,"def":16,"hp":96,"spa":184,"spd":0,"spe":212},"happiness":160,"item":"leftovers","ivs":{"atk":31,"def":31,"hp":31,"spa":31,"spd":31,"spe":31},"level":100,"moves":["substitute","willowisp","hex","disable"],"name":"Dragapult","nature":"Timid","species":"Dragapult"},{"ability":"cursedbody","evs":{"atk":0,"def":252,"hp":252,"spa":0,"spd":4,"spe":0},"happiness":160,"item":"eviolite","ivs":{"atk":31,"def":31,"hp":31,"spa":31,"spd":31,"spe":31},"level":100,"moves":["willowisp","strengthsap","stealthrock","nightshade"],"name":"Corsola","nature":"Bold","species":"corsolagalar"},{"ability":"regenerator","evs":{"atk":0,"def":4,"hp":252,"spa":0,"spd":252,"spe":0},"happiness":160,"item":"blacksludge","ivs":{"atk":0,"def":31,"hp":31,"spa":31,"spd":31,"spe":31},"level":100,"moves":["scald","haze","recover","toxic"],"name":"Toxapex","nature":"Calm","species":"Toxapex"},{"ability":"magicguard","evs":{"atk":0,"def":160,"hp":252,"spa":0,"spd":96,"spe":0},"happiness":160,"item":"leftovers","ivs":{"atk":0,"def":31,"hp":31,"spa":31,"spd":31,"spe":31},"level":100,"moves":["aromatherapy","moonblast","wish","protect"],"name":"Clefable","nature":"Calm","species":"Clefable"}],"roomid":1017642,"score":[5,6],"seed":[63368,36753,2697,6393],"timestamp":"Sat Dec 28 2019 19:XX","turns":31,"winner":"14587","rated_battle":true,"average_rating":1368}