{"endType":"normal","format":"gen8ou","inputLog":[">version aa9f8c6b9cf4eca780a1296832ecd3b0009641e0",">version-origin 5e8529faaa5905c5f8e15eafaaefa806ee8c7d06",">start {\"formatid\":\"gen8ou\",\"seed\":[56941,32893,17522,27578],\"rated\":\"Rated battle\"}",">player p1 {\"\"name\":\"42665\",\"rating\":1345}",">player p2 {\"\"name\":\"80896\",\"rating\":1375}",">p1 team 1, 2, 3, 4, 5, 6",">p2 team 5, 2, 3, 4, 1, 6",">p1 move uturn",">p2 move stealthrock",">p1 switch 5",">p1 move knockoff",">p2 move selfdestruct",">p2 switch 5",">p1 move facade",">p2 move reflect",">p1 move facade",">p2 move lightscreen",">p2 switch 3",">p1 move partingshot",">p2 move clangoroussoul",">p1 move facade",">p2 move substitute",">p1 move facade",">p2 move clangoroussoul",">p1 move facade",">p2 move drainpunch",">p1 switch 4",">p1 move moonblast",">p2 move thunderpunch",">p2 switch 6",">p1 move moonblast",">p2 move shadowball",">p1 switch 5",">p1 move pyroball",">p2 move shadowball",">p2 switch 4",">p1 move courtchange",">p2 move swordsdance",">p1 move highjumpkick",">p2 move suckerpunch",">p1 switch 6",">p1 move substitute",">p2 move suckerpunch",">p1 move boltbeak",">p2 move throatchop",">p1 move substitute",">p2 move throatchop",">p1 move firefang",">p2 move throatchop",">p1 switch 2",">p1 move waterfall",">p2 move throatchop",">p2 switch 2",">p1 move waterfall",">p2 move iciclecrash",">p1 switch 3",">p1 move fireblast",">p2 move iciclecrash"],"log":["|j|\u260642665","|j|\u260680896","|player|p1|42665|101|1345","|player|p2|80896|38|1375","|teamsize|p1|6","|teamsize|p2|6","|gametype|singles","|gen|8","|tier|[Gen 8] OU","|rated|","|rule|Sleep Clause Mod: Limit one foe put to sleep","|rule|Species Clause: Limit one of each Pok\u00e9mon","|rule|OHKO Clause: OHKO moves are banned","|rule|Evasion Moves Clause: Evasion moves are banned","|rule|Endless Battle Clause: Forcing endless battles is banned","|rule|HP Percentage Mod: HP is shown in percentages","|clearpoke","|poke|p1|Cinderace, F|","|poke|p1|Gyarados, M|","|poke|p1|Dragapult, M|","|poke|p1|Gardevoir, F|","|poke|p1|Obstagoon, M|","|poke|p1|Dracozolt|","|poke|p2|Grimmsnarl, M|","|poke|p2|Darmanitan-Galar, M|","|poke|p2|Kommo-o, M|","|poke|p2|Bisharp, F|","|poke|p2|Mew|","|poke|p2|Gengar, F|","|rule|Dynamax Clause: You cannot dynamax","|teampreview","|","|start","|switch|p1a: Cinderace|Cinderace, F|301\/301","|switch|p2a: Mew|Mew|342\/342","|turn|1","|","|move|p1a: Cinderace|U-turn|p2a: Mew","|-supereffective|p2a: Mew","|-crit|p2a: Mew","|-damage|p2a: Mew|98\/342","|","|switch|p1a: Obstagoon|Obstagoon, M|327\/327","|move|p2a: Mew|Stealth Rock|p1a: Obstagoon","|-sidestart42665|move: Stealth Rock","|","|-status|p1a: Obstagoon|brn|[from] item: Flame Orb","|upkeep","|turn|2","|","|move|p2a: Mew|Self-Destruct|p1a: Obstagoon","|-damage|p1a: Obstagoon|146\/327 brn","|faint|p2a: Mew","|move|p1a: Obstagoon|Knock Off|p2: Mew|[notarget]","|-fail|p1a: Obstagoon","|","|-damage|p1a: Obstagoon|126\/327 brn|[from] brn","|upkeep","|","|switch|p2a: Grimmsnarl|Grimmsnarl, M|394\/394","|turn|3","|","|move|p2a: Grimmsnarl|Reflect|p2a: Grimmsnarl","|-sidestart80896|Reflect","|move|p1a: Obstagoon|Facade|p2a: Grimmsnarl","|-damage|p2a: Grimmsnarl|193\/394","|","|-damage|p1a: Obstagoon|106\/327 brn|[from] brn","|upkeep","|turn|4","|","|move|p2a: Grimmsnarl|Light Screen|p2a: Grimmsnarl","|-sidestart80896|move: Light Screen","|move|p1a: Obstagoon|Facade|p2a: Grimmsnarl","|-damage|p2a: Grimmsnarl|0 fnt","|faint|p2a: Grimmsnarl","|","|-damage|p1a: Obstagoon|86\/327 brn|[from] brn","|upkeep","|","|switch|p2a: Kommo-o|Kommo-o, M|353\/353","|turn|5","|","|move|p1a: Obstagoon|Parting Shot|p2a: Kommo-o","|-immune|p2a: Kommo-o|[from] ability: Soundproof","|move|p2a: Kommo-o|Clangorous Soul|p2a: Kommo-o","|-boost|p2a: Kommo-o|atk|1","|-boost|p2a: Kommo-o|def|1","|-boost|p2a: Kommo-o|spa|1","|-boost|p2a: Kommo-o|spd|1","|-boost|p2a: Kommo-o|spe|1","|-damage|p2a: Kommo-o|236\/353","|","|-heal|p2a: Kommo-o|258\/353|[from] item: Leftovers","|-damage|p1a: Obstagoon|66\/327 brn|[from] brn","|upkeep","|turn|6","|","|move|p2a: Kommo-o|Substitute|p2a: Kommo-o","|-start|p2a: Kommo-o|Substitute","|-damage|p2a: Kommo-o|170\/353","|move|p1a: Obstagoon|Facade|p2a: Kommo-o","|-activate|p2a: Kommo-o|move: Substitute|[damage]","|","|-heal|p2a: Kommo-o|192\/353|[from] item: Leftovers","|-damage|p1a: Obstagoon|46\/327 brn|[from] brn","|upkeep","|turn|7","|","|move|p2a: Kommo-o|Clangorous Soul|p2a: Kommo-o","|-boost|p2a: Kommo-o|atk|1","|-boost|p2a: Kommo-o|def|1","|-boost|p2a: Kommo-o|spa|1","|-boost|p2a: Kommo-o|spd|1","|-boost|p2a: Kommo-o|spe|1","|-damage|p2a: Kommo-o|75\/353","|move|p1a: Obstagoon|Facade|p2a: Kommo-o","|-end|p2a: Kommo-o|Substitute","|","|-heal|p2a: Kommo-o|97\/353|[from] item: Leftovers","|-damage|p1a: Obstagoon|26\/327 brn|[from] brn","|upkeep","|turn|8","|","|move|p2a: Kommo-o|Drain Punch|p1a: Obstagoon","|-supereffective|p1a: Obstagoon","|-damage|p1a: Obstagoon|0 fnt","|-heal|p2a: Kommo-o|110\/353|[from] drain|[of] p1a: Obstagoon","|faint|p1a: Obstagoon","|","|-heal|p2a: Kommo-o|132\/353|[from] item: Leftovers","|upkeep","|","|switch|p1a: Gardevoir|Gardevoir, F, shiny|277\/277","|-damage|p1a: Gardevoir|243\/277|[from] Stealth Rock","|-ability|p1a: Gardevoir|Soundproof|[from] ability: Trace|[of] p2a: Kommo-o","|turn|9","|","|move|p2a: Kommo-o|Thunder Punch|p1a: Gardevoir","|-damage|p1a: Gardevoir|39\/277","|move|p1a: Gardevoir|Moonblast|p2a: Kommo-o","|-supereffective|p2a: Kommo-o","|-damage|p2a: Kommo-o|0 fnt","|faint|p2a: Kommo-o","|","|upkeep","|","|switch|p2a: Gengar|Gengar, F|262\/262","|turn|10","|","|move|p2a: Gengar|Shadow Ball|p1a: Gardevoir","|-supereffective|p1a: Gardevoir","|-damage|p1a: Gardevoir|0 fnt","|faint|p1a: Gardevoir","|","|-sideend80896|Reflect","|upkeep","|","|switch|p1a: Cinderace|Cinderace, F|301\/301","|-damage|p1a: Cinderace|226\/301|[from] Stealth Rock","|turn|11","|","|move|p2a: Gengar|Shadow Ball|p1a: Cinderace","|-damage|p1a: Cinderace|45\/301","|-unboost|p1a: Cinderace|spd|1","|move|p1a: Cinderace|Pyro Ball|p2a: Gengar","|-damage|p2a: Gengar|0 fnt","|-start|p1a: Cinderace|Disable|Pyro Ball|[from] ability: Cursed Body|[of] p2a: Gengar","|faint|p2a: Gengar","|","|-sideend80896|move: Light Screen","|upkeep","|","|switch|p2a: Bisharp|Bisharp, F|271\/271","|turn|12","|","|move|p1a: Cinderace|Court Change|p1a: Cinderace","|-sideend42665|Stealth Rock|[silent]","|-sidestart80896|Stealth Rock|[silent]","|-activate|p1a: Cinderace|move: Court Change","|move|p2a: Bisharp|Swords Dance|p2a: Bisharp","|-boost|p2a: Bisharp|atk|2","|","|upkeep","|turn|13","|","|move|p2a: Bisharp|Sucker Punch|p1a: Cinderace","|-damage|p1a: Cinderace|0 fnt","|faint|p1a: Cinderace","|","|upkeep","|","|switch|p1a: Dracozolt|Dracozolt|350\/350","|turn|14","|","|move|p2a: Bisharp|Sucker Punch||[still]","|-fail|p2a: Bisharp","|move|p1a: Dracozolt|Substitute|p1a: Dracozolt","|-start|p1a: Dracozolt|Substitute","|-damage|p1a: Dracozolt|263\/350","|","|upkeep","|turn|15","|","|move|p2a: Bisharp|Throat Chop|p1a: Dracozolt","|-end|p1a: Dracozolt|Substitute","|move|p1a: Dracozolt|Bolt Beak|p2a: Bisharp|[miss]","|-miss|p1a: Dracozolt|p2a: Bisharp","|-enditem|p1a: Dracozolt|Blunder Policy","|-boost|p1a: Dracozolt|spe|2","|","|upkeep","|turn|16","|","|move|p1a: Dracozolt|Substitute|p1a: Dracozolt","|-start|p1a: Dracozolt|Substitute","|-damage|p1a: Dracozolt|176\/350","|move|p2a: Bisharp|Throat Chop|p1a: Dracozolt","|-end|p1a: Dracozolt|Substitute","|","|upkeep","|turn|17","|","|move|p1a: Dracozolt|Fire Fang|p2a: Bisharp","|-supereffective|p2a: Bisharp","|-damage|p2a: Bisharp|59\/271","|move|p2a: Bisharp|Throat Chop|p1a: Dracozolt","|-damage|p1a: Dracozolt|0 fnt","|faint|p1a: Dracozolt","|","|upkeep","|","|switch|p1a: Gyarados|Gyarados, M, shiny|331\/331","|turn|18","|","|move|p1a: Gyarados|Waterfall|p2a: Bisharp","|-damage|p2a: Bisharp|0 fnt","|faint|p2a: Bisharp","|-ability|p1a: Gyarados|Moxie|boost","|-boost|p1a: Gyarados|atk|1","|","|upkeep","|","|switch|p2a: Darmanitan|Darmanitan-Galar, M|351\/351","|-damage|p2a: Darmanitan|264\/351|[from] Stealth Rock","|turn|19","|","|move|p2a: Darmanitan|Icicle Crash|p1a: Gyarados","|-damage|p1a: Gyarados|0 fnt","|faint|p1a: Gyarados","|","|upkeep","|","|switch|p1a: Dragapult|Dragapult, M|317\/317","|turn|20","|","|move|p1a: Dragapult|Fire Blast|p2a: Darmanitan","|-supereffective|p2a: Darmanitan","|-damage|p2a: Darmanitan|0 fnt","|faint|p2a: Darmanitan","|","|win|42665","|l|\u260680896","|raw|42665's rating: 1345 &rarr; <strong>1368<\/strong><br \/>(+23 for winning)","|raw|80896's rating: 1393 &rarr; <strong>1370<\/strong><br \/>(-23 for losing)",""],"p1":"42665","p1rating":1345,"p1team":[{"ability":"blaze","evs":{"atk":252,"def":0,"hp":0,"spa":0,"spd":4,"spe":252},"gender":"F","happiness":160,"item":"focussash","ivs":{"atk":31,"def":31,"hp":31,"spa":31,"spd":31,"spe":31},"level":100,"moves":["pyroball","highjumpkick","courtchange","uturn"],"name":"Cinderace","nature":"Jolly","species":"Cinderace"},{"ability":"moxie","evs":{"atk":252,"def":0,"hp":0,"spa":0,"spd":4,"spe":252},"gender":"M","happiness":160,"item":"lumberry","ivs":{"atk":31,"def":31,"hp":31,"spa":31,"spd":31,"spe":31},"level":100,"moves":["dragondance","waterfall","powerwhip","icefang"],"name":"Gyarados","nature":"Jolly","shiny":true,"species":"Gyarados"},{"ability":"infiltrator","evs":{"atk":252,"def":0,"hp":0,"spa":4,"spd":0,"spe":252},"gender":"M","happiness":160,"item":"powerherb","ivs":{"atk":31,"def":31,"hp":31,"spa":31,"spd":31,"spe":31},"level":100,"moves":["phantomforce","dragondance","dragondarts","fireblast"],"name":"Dragapult","nature":"Hasty","species":"Dragapult"},{"ability":"trace","evs":{"atk":0,"def":0,"hp":0,"spa":252,"spd":4,"spe":252},"gender":"F","happiness":160,"item":"choicescarf","ivs":{"atk":0,"def":31,"hp":31,"spa":31,"spd":31,"spe":31},"level":100,"moves":["moonblast","psychic","shadowball","mysticalfire"],"name":"Gardevoir","nature":"Hasty","shiny":true,"species":"Gardevoir"},{"ability":"guts","evs":{"atk":252,"def":0,"hp":0,"spa":0,"spd":4,"spe":252},"gender":"M","happiness":160,"item":"flameorb","ivs":{"atk":31,"def":31,"hp":31,"spa":31,"spd":31,"spe":31},"level":100,"moves":["obstruct","facade","knockoff","partingshot"],"name":"Obstagoon","nature":"Jolly","species":"Obstagoon"},{"ability":"hustle","evs":{"atk":252,"def":12,"hp":116,"spa":0,"spd":0,"spe":128},"gender":"N","happiness":160,"item":"blunderpolicy","ivs":{"atk":31,"def":31,"hp":31,"spa":31,"spd":31,"spe":31},"level":100,"moves":["boltbeak","firefang","outrage","substitute"],"name":"Dracozolt","nature":"Adamant","species":"Dracozolt"}],"p2":"80896","p2rating":1375,"p2team":[{"ability":"prankster","evs":{"atk":0,"def":4,"hp":252,"spa":0,"spd":252,"spe":0},"gender":"M","happiness":160,"item":"lightclay","ivs":{"atk":31,"def":31,"hp":31,"spa":31,"spd":31,"spe":31},"level":100,"moves":["spiritbreak","thunderwave","lightscreen","reflect"],"name":"Grimmsnarl","nature":"Careful","species":"Grimmsnarl"},{"ability":"gorillatactics","evs":{"atk":252,"def":4,"hp":0,"spa":0,"spd":0,"spe":252},"happiness":160,"item":"choiceband","ivs":{"atk":31,"def":31,"hp":31,"spa":31,"spd":31,"spe":31},"level":100,"moves":["uturn","iciclecrash","flareblitz","earthquake"],"name":"Darmanitan","nature":"Jolly","species":"darmanitangalar"},{"ability":"soundproof","evs":{"atk":0,"def":36,"hp":248,"spa":0,"spd":0,"spe":224},"happiness":160,"item":"leftovers","ivs":{"atk":31,"def":31,"hp":31,"spa":31,"spd":31,"spe":31},"level":100,"moves":["substitute","clangoroussoul","drainpunch","thunderpunch"],"name":"Kommo-o","nature":"Jolly","species":"Kommo-o"},{"ability":"defiant","evs":{"atk":252,"def":4,"hp":0,"spa":0,"spd":0,"spe":252},"happiness":160,"item":"blackglasses","ivs":{"atk":31,"def":31,"hp":31,"spa":31,"spd":31,"spe":31},"level":100,"moves":["swordsdance","suckerpunch","throatchop","ironhead"],"name":"Bisharp","nature":"Adamant","species":"Bisharp"},{"ability":"synchronize","evs":{"atk":252,"def":0,"hp":4,"spa":0,"spd":0,"spe":252},"gender":"N","happiness":160,"item":"focussash","ivs":{"atk":31,"def":31,"hp":31,"spa":31,"spd":31,"spe":31},"level":100,"moves":["taunt","stealthrock","selfdestruct","uturn"],"name":"Mew","nature":"Jolly","species":"Mew"},{"ability":"cursedbody","evs":{"atk":0,"def":0,"hp":4,"spa":252,"spd":0,"spe":252},"happiness":160,"item":"choicescarf","ivs":{"atk":0,"def":31,"hp":31,"spa":31,"spd":31,"spe":31},"level":100,"moves":["shadowball","sludgewave","focusblast","thunderbolt"],"name":"Gengar","nature":"Timid","species":"Gengar"}],"roomid":1020387,"score":[1,0],"seed":[56941,32893,17522,27578],"timestamp":"Sat Dec 28 2019 01:XX","turns":20,"winner":"42665","rated_battle":true,"average_rating":1360}