{"endType":"normal","format":"gen8ou","inputLog":[">version aa9f8c6b9cf4eca780a1296832ecd3b0009641e0",">version-origin 5e8529faaa5905c5f8e15eafaaefa806ee8c7d06",">start {\"formatid\":\"gen8ou\",\"seed\":[58249,16573,49527,48913],\"rated\":\"Rated battle\"}",">player p1 {\"\"name\":\"10641\",\"rating\":1448}",">player p2 {\"\"name\":\"27567\",\"rating\":1449}",">p1 team 3, 2, 1, 4, 5, 6",">p2 team 1, 2, 3, 4, 5, 6",">p1 move ironhead",">p2 move uturn",">p2 switch 4",">p1 switch 5",">p2 move uturn",">p2 switch 6",">p1 move substitute",">p2 move obstruct",">p1 move willowisp",">p2 move knockoff",">p1 move disable",">p2 move knockoff",">p1 move substitute",">p2 move obstruct",">p1 move willowisp",">p2 move facade",">p1 move willowisp",">p2 move facade",">p1 move willowisp",">p2 move facade",">p1 move willowisp",">p2 move knockoff",">p1 move disable",">p2 switch 3",">p1 move substitute",">p2 move moonblast",">p1 move disable",">p2 switch 4",">p1 switch 5",">p2 move flareblitz",">p1 switch 2",">p1 move thunderwave",">p2 switch 5",">p1 switch 5",">p2 move thunderbolt",">p1 move substitute",">p2 move voltswitch",">p2 switch 5",">p1 move willowisp",">p2 move uturn",">p2 switch 5",">p1 move substitute",">p2 move nastyplot",">p1 move disable",">p2 move thunderbolt",">p1 move hex",">p2 move thunderbolt",">p1 move hex",">p2 move thunderbolt",">p1 switch 3",">p1 move obstruct",">p2 move voltswitch",">p1 move knockoff",">p2 move voltswitch",">p2 switch 2",">p1 switch 5",">p2 move stealthrock",">p1 move energyball",">p2 switch 6",">p1 move thunderwave",">p2 move uturn",">p2 switch 5",">p1 move thunderwave",">p2 move flareblitz",">p1 switch 4",">p1 move suckerpunch",">p2 switch 6",">p1 move swordsdance",">p2 move scald",">p1 move throatchop",">p2 move scald",">p1 move throatchop",">p2 move protect",">p1 move throatchop",">p2 move scald",">p2 switch 5",">p1 move throatchop",">p2 move bravebird",">p1 switch 6",">p1 move flamethrower",">p2 move roost",">p2 switch 6",">p1 move dazzlinggleam",">p2 move iciclecrash",">p2 switch 4",">p1 move airslash",">p2 move thunderbolt",">p1 move airslash",">p2 move wish",">p1 move dazzlinggleam",">p2 move protect",">p1 move airslash",">p2 move thunderbolt",">p2 switch 3",">p1 move dazzlinggleam",">p2 move facade",">p1 switch 5",">p1 move obstruct",">p2 move obstruct",">p1 move facade",">p2 move facade"],"log":["|j|\u260610641","|j|\u260627567","|player|p1|10641|101|1448","|player|p2|27567|2|1449","|teamsize|p1|6","|teamsize|p2|6","|gametype|singles","|gen|8","|tier|[Gen 8] OU","|rated|","|rule|Sleep Clause Mod: Limit one foe put to sleep","|rule|Species Clause: Limit one of each Pok\u00e9mon","|rule|OHKO Clause: OHKO moves are banned","|rule|Evasion Moves Clause: Evasion moves are banned","|rule|Endless Battle Clause: Forcing endless battles is banned","|rule|HP Percentage Mod: HP is shown in percentages","|clearpoke","|poke|p1|Obstagoon, M|","|poke|p1|Galvantula, M|","|poke|p1|Excadrill, F|","|poke|p1|Bisharp, M|","|poke|p1|Dragapult, F|","|poke|p1|Togekiss, M|","|poke|p2|Darmanitan-Galar, F|","|poke|p2|Seismitoad, F|","|poke|p2|Clefable, M|","|poke|p2|Corviknight, F|","|poke|p2|Rotom-Heat|","|poke|p2|Obstagoon, F|","|rule|Dynamax Clause: You cannot dynamax","|teampreview","|","|start","|switch|p1a: Excadrill|Excadrill, F|361\/361","|switch|p2a: Darmanitan|Darmanitan-Galar, F|351\/351","|-ability|p1a: Excadrill|Mold Breaker","|turn|1","|","|move|p2a: Darmanitan|U-turn|p1a: Excadrill","|-resisted|p1a: Excadrill","|-damage|p1a: Excadrill|258\/361","|","|switch|p2a: Corviknight|Corviknight, F|400\/400","|-ability|p2a: Corviknight|Pressure","|move|p1a: Excadrill|Iron Head|p2a: Corviknight","|-resisted|p2a: Corviknight","|-damage|p2a: Corviknight|337\/400","|","|-heal|p2a: Corviknight|362\/400|[from] item: Leftovers","|upkeep","|turn|2","|","|switch|p1a: Dragapult|Dragapult, F|341\/341","|move|p2a: Corviknight|U-turn|p1a: Dragapult","|-resisted|p1a: Dragapult","|-damage|p1a: Dragapult|311\/341","|","|switch|p2a: Obstagoon|Obstagoon, F|327\/327","|","|-heal|p1a: Dragapult|332\/341|[from] item: Leftovers","|-status|p2a: Obstagoon|brn|[from] item: Flame Orb","|upkeep","|turn|3","|","|move|p2a: Obstagoon|Obstruct|p2a: Obstagoon","|-singleturn|p2a: Obstagoon|Protect","|move|p1a: Dragapult|Substitute|p1a: Dragapult","|-start|p1a: Dragapult|Substitute","|-damage|p1a: Dragapult|247\/341","|","|-heal|p1a: Dragapult|268\/341|[from] item: Leftovers","|-damage|p2a: Obstagoon|307\/327 brn|[from] brn","|upkeep","|turn|4","|","|move|p1a: Dragapult|Will-O-Wisp|p2a: Obstagoon","|-fail|p2a: Obstagoon|brn","|move|p2a: Obstagoon|Knock Off|p1a: Dragapult","|-supereffective|p1a: Dragapult","|-end|p1a: Dragapult|Substitute","|","|-heal|p1a: Dragapult|289\/341|[from] item: Leftovers","|-damage|p2a: Obstagoon|287\/327 brn|[from] brn","|upkeep","|turn|5","|","|move|p1a: Dragapult|Disable|p2a: Obstagoon","|-start|p2a: Obstagoon|Disable|Knock Off","|cant|p2a: Obstagoon|Disable|Knock Off","|","|-heal|p1a: Dragapult|310\/341|[from] item: Leftovers","|-damage|p2a: Obstagoon|267\/327 brn|[from] brn","|upkeep","|turn|6","|","|move|p2a: Obstagoon|Obstruct|p2a: Obstagoon","|-singleturn|p2a: Obstagoon|Protect","|move|p1a: Dragapult|Substitute|p1a: Dragapult","|-start|p1a: Dragapult|Substitute","|-damage|p1a: Dragapult|225\/341","|","|-heal|p1a: Dragapult|246\/341|[from] item: Leftovers","|-damage|p2a: Obstagoon|247\/327 brn|[from] brn","|upkeep","|turn|7","|","|move|p1a: Dragapult|Will-O-Wisp|p2a: Obstagoon","|-fail|p2a: Obstagoon|brn","|move|p2a: Obstagoon|Facade|p1a: Dragapult","|-immune|p1a: Dragapult","|","|-heal|p1a: Dragapult|267\/341|[from] item: Leftovers","|-damage|p2a: Obstagoon|227\/327 brn|[from] brn","|upkeep","|turn|8","|","|move|p1a: Dragapult|Will-O-Wisp|p2a: Obstagoon","|-fail|p2a: Obstagoon|brn","|move|p2a: Obstagoon|Facade|p1a: Dragapult","|-immune|p1a: Dragapult","|","|-heal|p1a: Dragapult|288\/341|[from] item: Leftovers","|-damage|p2a: Obstagoon|207\/327 brn|[from] brn","|-end|p2a: Obstagoon|Disable","|upkeep","|turn|9","|","|move|p1a: Dragapult|Will-O-Wisp|p2a: Obstagoon","|-fail|p2a: Obstagoon|brn","|move|p2a: Obstagoon|Facade|p1a: Dragapult","|-immune|p1a: Dragapult","|","|-heal|p1a: Dragapult|309\/341|[from] item: Leftovers","|-damage|p2a: Obstagoon|187\/327 brn|[from] brn","|upkeep","|turn|10","|","|move|p1a: Dragapult|Will-O-Wisp|p2a: Obstagoon","|-fail|p2a: Obstagoon|brn","|move|p2a: Obstagoon|Knock Off|p1a: Dragapult","|-supereffective|p1a: Dragapult","|-end|p1a: Dragapult|Substitute","|","|-heal|p1a: Dragapult|330\/341|[from] item: Leftovers","|-damage|p2a: Obstagoon|167\/327 brn|[from] brn","|upkeep","|turn|11","|","|switch|p2a: Clefable|Clefable, M|394\/394","|move|p1a: Dragapult|Disable||[still]","|-fail|p1a: Dragapult","|","|-heal|p1a: Dragapult|341\/341|[from] item: Leftovers","|upkeep","|turn|12","|","|move|p1a: Dragapult|Substitute|p1a: Dragapult","|-start|p1a: Dragapult|Substitute","|-damage|p1a: Dragapult|256\/341","|move|p2a: Clefable|Moonblast|p1a: Dragapult","|-supereffective|p1a: Dragapult","|-end|p1a: Dragapult|Substitute","|","|-heal|p1a: Dragapult|277\/341|[from] item: Leftovers","|upkeep","|turn|13","|","|switch|p2a: Darmanitan|Darmanitan-Galar, F|351\/351","|move|p1a: Dragapult|Disable||[still]","|-fail|p1a: Dragapult","|","|-heal|p1a: Dragapult|298\/341|[from] item: Leftovers","|upkeep","|turn|14","|","|switch|p1a: Excadrill|Excadrill, F|258\/361","|-ability|p1a: Excadrill|Mold Breaker","|move|p2a: Darmanitan|Flare Blitz|p1a: Excadrill","|-supereffective|p1a: Excadrill","|-damage|p1a: Excadrill|0 fnt","|-damage|p2a: Darmanitan|266\/351|[from] Recoil","|faint|p1a: Excadrill","|","|upkeep","|","|switch|p1a: Galvantula|Galvantula, M|281\/281","|turn|15","|","|switch|p2a: Rotom|Rotom-Heat|303\/303","|move|p1a: Galvantula|Thunder Wave|p2a: Rotom","|-immune|p2a: Rotom","|","|upkeep","|turn|16","|","|switch|p1a: Dragapult|Dragapult, F|298\/341","|move|p2a: Rotom|Thunderbolt|p1a: Dragapult","|-resisted|p1a: Dragapult","|-damage|p1a: Dragapult|232\/341","|","|-heal|p1a: Dragapult|253\/341|[from] item: Leftovers","|upkeep","|turn|17","|","|move|p1a: Dragapult|Substitute|p1a: Dragapult","|-start|p1a: Dragapult|Substitute","|-damage|p1a: Dragapult|168\/341","|move|p2a: Rotom|Volt Switch|p1a: Dragapult","|-resisted|p1a: Dragapult","|-activate|p1a: Dragapult|move: Substitute|[damage]","|","|switch|p2a: Darmanitan|Darmanitan-Galar, F|266\/351","|","|-heal|p1a: Dragapult|189\/341|[from] item: Leftovers","|upkeep","|turn|18","|","|move|p2a: Darmanitan|U-turn|p1a: Dragapult","|-resisted|p1a: Dragapult","|-end|p1a: Dragapult|Substitute","|","|switch|p2a: Rotom|Rotom-Heat|303\/303","|move|p1a: Dragapult|Will-O-Wisp|p2a: Rotom","|-immune|p2a: Rotom","|","|-heal|p1a: Dragapult|210\/341|[from] item: Leftovers","|upkeep","|turn|19","|","|move|p1a: Dragapult|Substitute|p1a: Dragapult","|-start|p1a: Dragapult|Substitute","|-damage|p1a: Dragapult|125\/341","|move|p2a: Rotom|Nasty Plot|p2a: Rotom","|-boost|p2a: Rotom|spa|2","|","|-heal|p1a: Dragapult|146\/341|[from] item: Leftovers","|upkeep","|turn|20","|","|move|p1a: Dragapult|Disable|p2a: Rotom","|-start|p2a: Rotom|Disable|Nasty Plot","|move|p2a: Rotom|Thunderbolt|p1a: Dragapult","|-resisted|p1a: Dragapult","|-end|p1a: Dragapult|Substitute","|","|-heal|p1a: Dragapult|167\/341|[from] item: Leftovers","|upkeep","|turn|21","|","|move|p1a: Dragapult|Hex|p2a: Rotom","|-damage|p2a: Rotom|224\/303","|move|p2a: Rotom|Thunderbolt|p1a: Dragapult","|-resisted|p1a: Dragapult","|-damage|p1a: Dragapult|31\/341","|","|-heal|p1a: Dragapult|52\/341|[from] item: Leftovers","|upkeep","|turn|22","|","|move|p1a: Dragapult|Hex|p2a: Rotom","|-damage|p2a: Rotom|139\/303","|move|p2a: Rotom|Thunderbolt|p1a: Dragapult","|-resisted|p1a: Dragapult","|-damage|p1a: Dragapult|0 fnt","|faint|p1a: Dragapult","|","|upkeep","|","|switch|p1a: Obstagoon|Obstagoon, M|327\/327","|turn|23","|","|move|p1a: Obstagoon|Obstruct|p1a: Obstagoon","|-singleturn|p1a: Obstagoon|Protect","|move|p2a: Rotom|Volt Switch|p1a: Obstagoon","|-activate|p1a: Obstagoon|move: Protect","|","|-end|p2a: Rotom|Disable","|-status|p1a: Obstagoon|brn|[from] item: Flame Orb","|upkeep","|turn|24","|","|move|p1a: Obstagoon|Knock Off|p2a: Rotom","|-damage|p2a: Rotom|0 fnt","|-enditem|p2a: Rotom|Heavy-Duty Boots|[from] move: Knock Off|[of] p1a: Obstagoon","|faint|p2a: Rotom","|","|-damage|p1a: Obstagoon|307\/327 brn|[from] brn","|upkeep","|","|switch|p2a: Seismitoad|Seismitoad, F, shiny|414\/414","|turn|25","|","|switch|p1a: Galvantula|Galvantula, M|281\/281","|move|p2a: Seismitoad|Stealth Rock|p1a: Galvantula","|-sidestart10641|move: Stealth Rock","|","|upkeep","|turn|26","|","|switch|p2a: Corviknight|Corviknight, F|362\/400","|-ability|p2a: Corviknight|Pressure","|move|p1a: Galvantula|Energy Ball|p2a: Corviknight","|-resisted|p2a: Corviknight","|-damage|p2a: Corviknight|342\/400","|","|-heal|p2a: Corviknight|367\/400|[from] item: Leftovers","|upkeep","|turn|27","|","|move|p1a: Galvantula|Thunder Wave|p2a: Corviknight","|-status|p2a: Corviknight|par","|move|p2a: Corviknight|U-turn|p1a: Galvantula","|-damage|p1a: Galvantula|209\/281","|","|switch|p2a: Darmanitan|Darmanitan-Galar, F|266\/351","|","|upkeep","|turn|28","|","|move|p2a: Darmanitan|Flare Blitz|p1a: Galvantula","|-supereffective|p1a: Galvantula","|-damage|p1a: Galvantula|0 fnt","|-damage|p2a: Darmanitan|197\/351|[from] Recoil","|faint|p1a: Galvantula","|","|upkeep","|","|switch|p1a: Bisharp|Bisharp, M|271\/271","|-damage|p1a: Bisharp|255\/271|[from] Stealth Rock","|turn|29","|","|switch|p2a: Seismitoad|Seismitoad, F, shiny|414\/414","|move|p1a: Bisharp|Sucker Punch||[still]","|-fail|p1a: Bisharp","|","|upkeep","|turn|30","|","|move|p1a: Bisharp|Swords Dance|p1a: Bisharp","|-boost|p1a: Bisharp|atk|2","|move|p2a: Seismitoad|Scald|p1a: Bisharp","|-damage|p1a: Bisharp|147\/271","|","|upkeep","|turn|31","|","|move|p1a: Bisharp|Throat Chop|p2a: Seismitoad","|-damage|p2a: Seismitoad|137\/414","|-start|p2a: Seismitoad|Throat Chop|[silent]","|move|p2a: Seismitoad|Scald|p1a: Bisharp","|-damage|p1a: Bisharp|30\/271","|","|-heal|p2a: Seismitoad|162\/414|[from] item: Leftovers","|upkeep","|turn|32","|","|move|p2a: Seismitoad|Protect|p2a: Seismitoad","|-singleturn|p2a: Seismitoad|Protect","|move|p1a: Bisharp|Throat Chop|p2a: Seismitoad","|-activate|p2a: Seismitoad|move: Protect","|","|-heal|p2a: Seismitoad|187\/414|[from] item: Leftovers","|-end|p2a: Seismitoad|Throat Chop|[silent]","|upkeep","|turn|33","|","|move|p1a: Bisharp|Throat Chop|p2a: Seismitoad","|-damage|p2a: Seismitoad|0 fnt","|faint|p2a: Seismitoad","|","|upkeep","|","|switch|p2a: Corviknight|Corviknight, F|367\/400 par","|-ability|p2a: Corviknight|Pressure","|turn|34","|","|move|p1a: Bisharp|Throat Chop|p2a: Corviknight","|-damage|p2a: Corviknight|93\/400 par","|-start|p2a: Corviknight|Throat Chop|[silent]","|move|p2a: Corviknight|Brave Bird|p1a: Bisharp","|-resisted|p1a: Bisharp","|-damage|p1a: Bisharp|0 fnt","|-damage|p2a: Corviknight|83\/400 par|[from] Recoil","|faint|p1a: Bisharp","|","|-heal|p2a: Corviknight|108\/400 par|[from] item: Leftovers","|upkeep","|","|switch|p1a: Togekiss|Togekiss, M|311\/311","|turn|35","|","|move|p1a: Togekiss|Flamethrower|p2a: Corviknight","|-supereffective|p2a: Corviknight","|-damage|p2a: Corviknight|0 fnt","|faint|p2a: Corviknight","|","|upkeep","|","|switch|p2a: Darmanitan|Darmanitan-Galar, F|197\/351","|turn|36","|","|move|p2a: Darmanitan|Icicle Crash|p1a: Togekiss|[miss]","|-miss|p2a: Darmanitan|p1a: Togekiss","|move|p1a: Togekiss|Dazzling Gleam|p2a: Darmanitan","|-damage|p2a: Darmanitan|0 fnt","|faint|p2a: Darmanitan","|","|upkeep","|","|switch|p2a: Clefable|Clefable, M|394\/394","|turn|37","|","|move|p1a: Togekiss|Air Slash|p2a: Clefable","|-damage|p2a: Clefable|246\/394","|move|p2a: Clefable|Thunderbolt|p1a: Togekiss","|-supereffective|p1a: Togekiss","|-damage|p1a: Togekiss|195\/311","|","|-heal|p2a: Clefable|270\/394|[from] item: Leftovers","|upkeep","|turn|38","|","|move|p1a: Togekiss|Air Slash|p2a: Clefable","|-crit|p2a: Clefable","|-damage|p2a: Clefable|45\/394","|cant|p2a: Clefable|flinch","|","|-heal|p2a: Clefable|69\/394|[from] item: Leftovers","|upkeep","|turn|39","|","|move|p2a: Clefable|Protect|p2a: Clefable","|-singleturn|p2a: Clefable|Protect","|move|p1a: Togekiss|Dazzling Gleam|p2a: Clefable","|-activate|p2a: Clefable|move: Protect","|","|-heal|p2a: Clefable|93\/394|[from] item: Leftovers","|upkeep","|turn|40","|","|move|p1a: Togekiss|Air Slash|p2a: Clefable","|-damage|p2a: Clefable|0 fnt","|faint|p2a: Clefable","|","|upkeep","|","|switch|p2a: Obstagoon|Obstagoon, F|167\/327 brn","|turn|41","|","|move|p2a: Obstagoon|Facade|p1a: Togekiss","|-damage|p1a: Togekiss|0 fnt","|faint|p1a: Togekiss","|","|-damage|p2a: Obstagoon|147\/327 brn|[from] brn","|upkeep","|","|switch|p1a: Obstagoon|Obstagoon, M|307\/327 brn","|-damage|p1a: Obstagoon|267\/327 brn|[from] Stealth Rock","|turn|42","|","|move|p1a: Obstagoon|Obstruct|p1a: Obstagoon","|-singleturn|p1a: Obstagoon|Protect","|move|p2a: Obstagoon|Obstruct||[still]","|-fail|p2a: Obstagoon","|","|-damage|p2a: Obstagoon|127\/327 brn|[from] brn","|-damage|p1a: Obstagoon|247\/327 brn|[from] brn","|upkeep","|turn|43","|","|move|p1a: Obstagoon|Facade|p2a: Obstagoon","|-damage|p2a: Obstagoon|0 fnt","|faint|p2a: Obstagoon","|","|win|10641","|l|\u260627567","|l|\u260610641","|raw|10641's rating: 1448 &rarr; <strong>1468<\/strong><br \/>(+20 for winning)","|raw|27567's rating: 1449 &rarr; <strong>1429<\/strong><br \/>(-20 for losing)",""],"p1":"10641","p1rating":1448,"p1team":[{"ability":"guts","evs":{"atk":252,"def":0,"hp":0,"spa":0,"spd":4,"spe":252},"happiness":160,"item":"flameorb","ivs":{"atk":31,"def":31,"hp":31,"spa":31,"spd":31,"spe":31},"level":100,"moves":["knockoff","facade","bulkup","obstruct"],"name":"Obstagoon","nature":"Jolly","species":"Obstagoon"},{"ability":"compoundeyes","evs":{"atk":0,"def":0,"hp":0,"spa":252,"spd":4,"spe":252},"happiness":160,"item":"focussash","ivs":{"atk":0,"def":31,"hp":31,"spa":31,"spd":31,"spe":31},"level":100,"moves":["stickyweb","thunderwave","thunder","energyball"],"name":"Galvantula","nature":"Timid","species":"Galvantula"},{"ability":"moldbreaker","evs":{"atk":252,"def":0,"hp":0,"spa":0,"spd":4,"spe":252},"happiness":160,"item":"focussash","ivs":{"atk":31,"def":31,"hp":31,"spa":31,"spd":31,"spe":31},"level":100,"moves":["earthquake","ironhead","rapidspin","stealthrock"],"name":"Excadrill","nature":"Jolly","species":"Excadrill"},{"ability":"defiant","evs":{"atk":252,"def":0,"hp":0,"spa":0,"spd":4,"spe":252},"happiness":160,"item":"blackglasses","ivs":{"atk":31,"def":31,"hp":31,"spa":31,"spd":31,"spe":31},"level":100,"moves":["throatchop","ironhead","suckerpunch","swordsdance"],"name":"Bisharp","nature":"Jolly","species":"Bisharp"},{"ability":"clearbody","evs":{"atk":0,"def":16,"hp":96,"spa":184,"spd":0,"spe":212},"happiness":160,"item":"leftovers","ivs":{"atk":0,"def":31,"hp":31,"spa":31,"spd":31,"spe":31},"level":100,"moves":["hex","disable","substitute","willowisp"],"name":"Dragapult","nature":"Timid","species":"Dragapult"},{"ability":"serenegrace","evs":{"atk":0,"def":0,"hp":0,"spa":252,"spd":4,"spe":252},"happiness":160,"item":"heavydutyboots","ivs":{"atk":0,"def":31,"hp":31,"spa":31,"spd":31,"spe":31},"level":100,"moves":["airslash","dazzlinggleam","flamethrower","nastyplot"],"name":"Togekiss","nature":"Timid","species":"Togekiss"}],"p2":"27567","p2rating":1449,"p2team":[{"ability":"gorillatactics","evs":{"atk":252,"def":4,"hp":0,"spa":0,"spd":0,"spe":252},"gender":"F","happiness":160,"item":"choicescarf","ivs":{"atk":31,"def":31,"hp":31,"spa":31,"spd":31,"spe":31},"level":100,"moves":["iciclecrash","flareblitz","earthquake","uturn"],"name":"Darmanitan","nature":"Jolly","species":"darmanitangalar"},{"ability":"waterabsorb","evs":{"atk":0,"def":252,"hp":252,"spa":0,"spd":4,"spe":0},"gender":"F","happiness":160,"item":"leftovers","ivs":{"atk":0,"def":31,"hp":31,"spa":31,"spd":31,"spe":31},"level":100,"moves":["stealthrock","scald","toxic","protect"],"name":"Seismitoad","nature":"Bold","shiny":true,"species":"Seismitoad"},{"ability":"magicguard","evs":{"atk":0,"def":252,"hp":252,"spa":0,"spd":0,"spe":0},"gender":"M","happiness":160,"item":"leftovers","ivs":{"atk":0,"def":31,"hp":31,"spa":31,"spd":31,"spe":31},"level":100,"moves":["moonblast","thunderbolt","wish","protect"],"name":"Clefable","nature":"Bold","species":"Clefable"},{"ability":"pressure","evs":{"atk":0,"def":76,"hp":252,"spa":0,"spd":180,"spe":0},"gender":"F","happiness":160,"item":"leftovers","ivs":{"atk":31,"def":31,"hp":31,"spa":31,"spd":31,"spe":31},"level":100,"moves":["bravebird","roost","defog","uturn"],"name":"Corviknight","nature":"Impish","species":"Corviknight"},{"ability":"levitate","evs":{"atk":0,"def":8,"hp":248,"spa":0,"spd":0,"spe":252},"gender":"N","happiness":160,"item":"heavydutyboots","ivs":{"atk":0,"def":31,"hp":31,"spa":31,"spd":31,"spe":31},"level":100,"moves":["nastyplot","overheat","voltswitch","thunderbolt"],"name":"Rotom","nature":"Timid","species":"rotomheat"},{"ability":"guts","evs":{"atk":252,"def":0,"hp":0,"spa":0,"spd":4,"spe":252},"gender":"F","happiness":160,"item":"flameorb","ivs":{"atk":31,"def":31,"hp":31,"spa":31,"spd":31,"spe":31},"level":100,"moves":["obstruct","knockoff","facade","closecombat"],"name":"Obstagoon","nature":"Jolly","species":"Obstagoon"}],"roomid":1023933,"score":[1,0],"seed":[58249,16573,49527,48913],"timestamp":"Sat Dec 28 2019 20:XX","turns":43,"winner":"10641","rated_battle":true,"average_rating":1448}