{"endType":"normal","format":"gen8ou","inputLog":[">version aa9f8c6b9cf4eca780a1296832ecd3b0009641e0",">version-origin 5e8529faaa5905c5f8e15eafaaefa806ee8c7d06",">start {\"formatid\":\"gen8ou\",\"seed\":[32826,31744,59117,7331],\"rated\":\"Rated battle\"}",">player p1 {\"\"name\":\"30241\",\"rating\":1359}",">player p2 {\"\"name\":\"26922\",\"rating\":1382}",">p1 team 2, 1, 3, 4, 5, 6",">p2 team 4, 2, 3, 1, 5, 6",">p1 move uturn",">p2 move mysticalfire",">p1 switch 4",">p1 move earthquake",">p2 switch 2",">p1 move stealthrock",">p2 switch 4",">p1 move rapidspin",">p2 move earthquake",">p1 switch 3",">p1 move toxic",">p2 switch 4",">p1 move leechseed",">p2 move defog",">p1 switch 2",">p2 switch 2",">p1 move fishiousrend",">p2 switch 6",">p2 switch 3",">p1 switch 2",">p2 move shadowball",">p1 switch 4",">p2 switch 6",">p1 move knockoff",">p2 move psychic",">p1 move uturn",">p2 move mysticalfire",">p1 switch 5",">p1 switch 2",">p2 move calmmind",">p1 move fishiousrend",">p2 move drainingkiss",">p2 switch 4",">p1 move fishiousrend",">p2 move reversal",">p1 move fishiousrend",">p2 move suckerpunch",">p2 switch 6",">p1 switch 4",">p2 move shadowball",">p1 switch 5",">p2 move shadowball",">p1 switch 2",">p1 move icebeam",">p2 switch 2",">p1 move hydropump",">p2 move bravebird",">p1 switch 4",">p1 move fishiousrend",">p2 switch 5",">p1 move fishiousrend",">p2 move stealthrock",">p1 switch 6",">p1 move liquidation",">p2 move leechseed",">p2 switch 5",">p1 move liquidation",">p2 switch 2",">p1 move liquidation",">p2 switch 2",">p2 switch 2",">p1 move liquidation",">p2 move shadowball",">p1 switch 5",">p1 move gyroball",">p2 move shadowball"],"log":["|j|\u260630241","|j|\u260626922","|player|p1|30241|138|1359","|player|p2|26922|144|1382","|teamsize|p1|6","|teamsize|p2|6","|gametype|singles","|gen|8","|tier|[Gen 8] OU","|rated|","|rule|Sleep Clause Mod: Limit one foe put to sleep","|rule|Species Clause: Limit one of each Pok\u00e9mon","|rule|OHKO Clause: OHKO moves are banned","|rule|Evasion Moves Clause: Evasion moves are banned","|rule|Endless Battle Clause: Forcing endless battles is banned","|rule|HP Percentage Mod: HP is shown in percentages","|clearpoke","|poke|p1|Dracovish|","|poke|p1|Pelipper, F|","|poke|p1|Ferrothorn, M|","|poke|p1|Excadrill, M|","|poke|p1|Ludicolo, F|","|poke|p1|Barraskewda, F|","|poke|p2|Dugtrio, M|","|poke|p2|Corviknight, F|","|poke|p2|Dragapult, M|","|poke|p2|Hatterene, F|","|poke|p2|Ferrothorn, F|","|poke|p2|Cinderace, M|","|rule|Dynamax Clause: You cannot dynamax","|teampreview","|","|start","|switch|p1a: Pelipper|Pelipper, F|324\/324","|switch|p2a: Hatterene|Hatterene, F, shiny|317\/317","|-weather|RainDance|[from] ability: Drizzle|[of] p1a: Pelipper","|turn|1","|","|move|p1a: Pelipper|U-turn|p2a: Hatterene","|-damage|p2a: Hatterene|295\/317","|","|switch|p1a: Excadrill|Excadrill, M|421\/421","|-ability|p1a: Excadrill|Mold Breaker","|move|p2a: Hatterene|Mystical Fire|p1a: Excadrill","|-supereffective|p1a: Excadrill","|-damage|p1a: Excadrill|323\/421","|-unboost|p1a: Excadrill|spa|1","|","|-weather|RainDance|[upkeep]","|-heal|p1a: Excadrill|349\/421|[from] item: Leftovers","|-heal|p2a: Hatterene|314\/317|[from] item: Leftovers","|upkeep","|turn|2","|","|switch|p2a: Corviknight|Corviknight, F, shiny|400\/400","|-ability|p2a: Corviknight|Pressure","|move|p1a: Excadrill|Earthquake|p2a: Corviknight","|-immune|p2a: Corviknight","|","|-weather|RainDance|[upkeep]","|-heal|p1a: Excadrill|375\/421|[from] item: Leftovers","|upkeep","|turn|3","|","|switch|p2a: Dugtrio|Dugtrio, M, shiny|211\/211","|move|p1a: Excadrill|Stealth Rock|p2a: Dugtrio","|-sidestart26922|move: Stealth Rock","|","|-weather|RainDance|[upkeep]","|-heal|p1a: Excadrill|401\/421|[from] item: Leftovers","|upkeep","|turn|4","|","|move|p2a: Dugtrio|Earthquake|p1a: Excadrill","|-supereffective|p1a: Excadrill","|-damage|p1a: Excadrill|0 fnt","|faint|p1a: Excadrill","|","|-weather|RainDance|[upkeep]","|upkeep","|","|switch|p1a: Ferrothorn|Ferrothorn, M|351\/351","|turn|5","|","|switch|p2a: Corviknight|Corviknight, F, shiny|400\/400","|-damage|p2a: Corviknight|350\/400|[from] Stealth Rock","|-ability|p2a: Corviknight|Pressure","|move|p1a: Ferrothorn|Toxic|p2a: Corviknight","|-immune|p2a: Corviknight","|","|-weather|RainDance|[upkeep]","|-heal|p2a: Corviknight|375\/400|[from] item: Leftovers","|upkeep","|turn|6","|","|move|p2a: Corviknight|Defog|p1a: Ferrothorn","|-unboost|p1a: Ferrothorn|evasion|1","|-sideend26922|Stealth Rock|[from] move: Defog|[of] p2a: Corviknight","|move|p1a: Ferrothorn|Leech Seed|p2a: Corviknight","|-start|p2a: Corviknight|move: Leech Seed","|","|-weather|RainDance|[upkeep]","|-heal|p2a: Corviknight|400\/400|[from] item: Leftovers","|-damage|p2a: Corviknight|350\/400|[from] Leech Seed|[of] p1a: Ferrothorn","|upkeep","|turn|7","|","|switch|p2a: Hatterene|Hatterene, F, shiny|314\/317","|switch|p1a: Dracovish|Dracovish|322\/322","|","|-weather|RainDance|[upkeep]","|-heal|p2a: Hatterene|317\/317|[from] item: Leftovers","|upkeep","|turn|8","|","|switch|p2a: Cinderace|Cinderace, M|301\/301","|move|p1a: Dracovish|Fishious Rend|p2a: Cinderace","|-supereffective|p2a: Cinderace","|-damage|p2a: Cinderace|0 fnt","|faint|p2a: Cinderace","|","|-weather|none","|upkeep","|","|switch|p2a: Dragapult|Dragapult, M, shiny|317\/317","|turn|9","|","|switch|p1a: Ferrothorn|Ferrothorn, M|351\/351","|move|p2a: Dragapult|Shadow Ball|p1a: Ferrothorn","|-damage|p1a: Ferrothorn|215\/351","|-unboost|p1a: Ferrothorn|spd|1","|","|-heal|p1a: Ferrothorn|236\/351|[from] item: Leftovers","|upkeep","|turn|10","|","|switch|p2a: Hatterene|Hatterene, F, shiny|317\/317","|switch|p1a: Pelipper|Pelipper, F|324\/324","|-weather|RainDance|[from] ability: Drizzle|[of] p1a: Pelipper","|","|-weather|RainDance|[upkeep]","|upkeep","|turn|11","|","|move|p1a: Pelipper|Knock Off|p2a: Hatterene","|-damage|p2a: Hatterene|284\/317","|-enditem|p2a: Hatterene|Leftovers|[from] move: Knock Off|[of] p1a: Pelipper","|move|p2a: Hatterene|Psychic|p1a: Pelipper","|-damage|p1a: Pelipper|135\/324","|-unboost|p1a: Pelipper|spd|1","|","|-weather|RainDance|[upkeep]","|upkeep","|turn|12","|","|move|p1a: Pelipper|U-turn|p2a: Hatterene","|-damage|p2a: Hatterene|261\/317","|","|switch|p1a: Ludicolo|Ludicolo, F|301\/301","|move|p2a: Hatterene|Mystical Fire|p1a: Ludicolo","|-damage|p1a: Ludicolo|263\/301","|-unboost|p1a: Ludicolo|spa|1","|","|-weather|RainDance|[upkeep]","|upkeep","|turn|13","|","|switch|p1a: Dracovish|Dracovish|322\/322","|move|p2a: Hatterene|Calm Mind|p2a: Hatterene","|-boost|p2a: Hatterene|spa|1","|-boost|p2a: Hatterene|spd|1","|","|-weather|RainDance|[upkeep]","|upkeep","|turn|14","|","|move|p1a: Dracovish|Fishious Rend|p2a: Hatterene","|-damage|p2a: Hatterene|0 fnt","|faint|p2a: Hatterene","|","|-weather|RainDance|[upkeep]","|upkeep","|","|switch|p2a: Dugtrio|Dugtrio, M, shiny|211\/211","|turn|15","|","|move|p1a: Dracovish|Fishious Rend|p2a: Dugtrio","|-supereffective|p2a: Dugtrio","|-enditem|p2a: Dugtrio|Focus Sash","|-damage|p2a: Dugtrio|1\/211","|move|p2a: Dugtrio|Reversal|p1a: Dracovish","|-damage|p1a: Dracovish|141\/322","|","|-weather|RainDance|[upkeep]","|upkeep","|turn|16","|","|move|p2a: Dugtrio|Sucker Punch|p1a: Dracovish","|-damage|p1a: Dracovish|72\/322","|move|p1a: Dracovish|Fishious Rend|p2a: Dugtrio","|-supereffective|p2a: Dugtrio","|-damage|p2a: Dugtrio|0 fnt","|faint|p2a: Dugtrio","|","|-weather|RainDance|[upkeep]","|upkeep","|","|switch|p2a: Dragapult|Dragapult, M, shiny|317\/317","|turn|17","|","|switch|p1a: Ferrothorn|Ferrothorn, M|236\/351","|move|p2a: Dragapult|Shadow Ball|p1a: Ferrothorn","|-damage|p1a: Ferrothorn|86\/351","|-unboost|p1a: Ferrothorn|spd|1","|","|-weather|none","|-heal|p1a: Ferrothorn|107\/351|[from] item: Leftovers","|upkeep","|turn|18","|","|switch|p1a: Pelipper|Pelipper, F|135\/324","|-weather|RainDance|[from] ability: Drizzle|[of] p1a: Pelipper","|move|p2a: Dragapult|Shadow Ball|p1a: Pelipper","|-damage|p1a: Pelipper|0 fnt","|faint|p1a: Pelipper","|","|-weather|RainDance|[upkeep]","|upkeep","|","|switch|p1a: Ludicolo|Ludicolo, F|263\/301","|turn|19","|","|switch|p2a: Corviknight|Corviknight, F, shiny|350\/400","|-ability|p2a: Corviknight|Pressure","|move|p1a: Ludicolo|Ice Beam|p2a: Corviknight","|-damage|p2a: Corviknight|247\/400","|-damage|p1a: Ludicolo|233\/301|[from] item: Life Orb","|","|-weather|RainDance|[upkeep]","|-heal|p2a: Corviknight|272\/400|[from] item: Leftovers","|upkeep","|turn|20","|","|move|p1a: Ludicolo|Hydro Pump|p2a: Corviknight|[miss]","|-miss|p1a: Ludicolo|p2a: Corviknight","|move|p2a: Corviknight|Brave Bird|p1a: Ludicolo","|-supereffective|p1a: Ludicolo","|-damage|p1a: Ludicolo|0 fnt","|-damage|p2a: Corviknight|195\/400|[from] Recoil","|faint|p1a: Ludicolo","|","|-weather|RainDance|[upkeep]","|-heal|p2a: Corviknight|220\/400|[from] item: Leftovers","|upkeep","|","|switch|p1a: Dracovish|Dracovish|72\/322","|turn|21","|","|switch|p2a: Ferrothorn|Ferrothorn, F, shiny|352\/352","|move|p1a: Dracovish|Fishious Rend|p2a: Ferrothorn","|-resisted|p2a: Ferrothorn","|-damage|p2a: Ferrothorn|187\/352","|-damage|p1a: Dracovish|32\/322|[from] ability: Iron Barbs|[of] p2a: Ferrothorn","|","|-weather|RainDance|[upkeep]","|-heal|p2a: Ferrothorn|209\/352|[from] item: Leftovers","|upkeep","|turn|22","|","|move|p1a: Dracovish|Fishious Rend|p2a: Ferrothorn","|-resisted|p2a: Ferrothorn","|-damage|p2a: Ferrothorn|48\/352","|-damage|p1a: Dracovish|0 fnt|[from] ability: Iron Barbs|[of] p2a: Ferrothorn","|faint|p1a: Dracovish","|move|p2a: Ferrothorn|Stealth Rock|p1: Dracovish","|-sidestart30241|move: Stealth Rock","|","|-weather|RainDance|[upkeep]","|-heal|p2a: Ferrothorn|70\/352|[from] item: Leftovers","|upkeep","|","|switch|p1a: Barraskewda|Barraskewda, F|264\/264","|-damage|p1a: Barraskewda|231\/264|[from] Stealth Rock","|turn|23","|","|move|p1a: Barraskewda|Liquidation|p2a: Ferrothorn","|-resisted|p2a: Ferrothorn","|-damage|p2a: Ferrothorn|0 fnt","|-damage|p1a: Barraskewda|198\/264|[from] ability: Iron Barbs|[of] p2a: Ferrothorn","|faint|p2a: Ferrothorn","|","|-weather|RainDance|[upkeep]","|upkeep","|","|switch|p2a: Corviknight|Corviknight, F, shiny|220\/400","|-ability|p2a: Corviknight|Pressure","|turn|24","|","|switch|p2a: Dragapult|Dragapult, M, shiny|317\/317","|move|p1a: Barraskewda|Liquidation|p2a: Dragapult","|-resisted|p2a: Dragapult","|-damage|p2a: Dragapult|80\/317","|","|-weather|RainDance|[upkeep]","|upkeep","|turn|25","|","|switch|p2a: Corviknight|Corviknight, F, shiny|220\/400","|-ability|p2a: Corviknight|Pressure","|move|p1a: Barraskewda|Liquidation|p2a: Corviknight","|-damage|p2a: Corviknight|0 fnt","|faint|p2a: Corviknight","|","|-weather|none","|upkeep","|","|switch|p2a: Dragapult|Dragapult, M, shiny|80\/317","|turn|26","|","|move|p2a: Dragapult|Shadow Ball|p1a: Barraskewda","|-damage|p1a: Barraskewda|0 fnt","|faint|p1a: Barraskewda","|","|upkeep","|","|switch|p1a: Ferrothorn|Ferrothorn, M|107\/351","|-damage|p1a: Ferrothorn|86\/351|[from] Stealth Rock","|turn|27","|","|move|p2a: Dragapult|Shadow Ball|p1a: Ferrothorn","|-damage|p1a: Ferrothorn|0 fnt","|faint|p1a: Ferrothorn","|","|win|26922","|l|\u260626922","|l|\u260630241","|raw|30241's rating: 1359 &rarr; <strong>1340<\/strong><br \/>(-19 for losing)","|raw|26922's rating: 1382 &rarr; <strong>1401<\/strong><br \/>(+19 for winning)",""],"p1":"30241","p1rating":1359,"p1team":[{"ability":"strongjaw","evs":{"atk":252,"def":0,"hp":4,"spa":0,"spd":0,"spe":252},"gender":"N","happiness":160,"item":"choicescarf","ivs":{"atk":31,"def":31,"hp":31,"spa":31,"spd":31,"spe":31},"level":100,"moves":["fishiousrend","psychicfangs","crunch","dragonrush"],"name":"Dracovish","nature":"Adamant","species":"Dracovish"},{"ability":"drizzle","evs":{"atk":0,"def":252,"hp":252,"spa":0,"spd":4,"spe":0},"happiness":160,"item":"damprock","ivs":{"atk":31,"def":31,"hp":31,"spa":31,"spd":31,"spe":31},"level":100,"moves":["scald","roost","uturn","knockoff"],"name":"Pelipper","nature":"Bold","species":"Pelipper"},{"ability":"ironbarbs","evs":{"atk":0,"def":108,"hp":248,"spa":0,"spd":152,"spe":0},"happiness":160,"item":"leftovers","ivs":{"atk":31,"def":31,"hp":31,"spa":31,"spd":31,"spe":0},"level":100,"moves":["gyroball","leechseed","powerwhip","toxic"],"name":"Ferrothorn","nature":"Relaxed","species":"Ferrothorn"},{"ability":"moldbreaker","evs":{"atk":36,"def":0,"hp":240,"spa":0,"spd":64,"spe":168},"happiness":160,"item":"leftovers","ivs":{"atk":31,"def":31,"hp":31,"spa":31,"spd":31,"spe":31},"level":100,"moves":["earthquake","ironhead","rapidspin","stealthrock"],"name":"Excadrill","nature":"Jolly","species":"Excadrill"},{"ability":"swiftswim","evs":{"atk":0,"def":4,"hp":0,"spa":252,"spd":0,"spe":252},"happiness":160,"item":"lifeorb","ivs":{"atk":0,"def":31,"hp":31,"spa":31,"spd":31,"spe":31},"level":100,"moves":["gigadrain","hydropump","icebeam","focusblast"],"name":"Ludicolo","nature":"Modest","species":"Ludicolo"},{"ability":"swiftswim","evs":{"atk":252,"def":0,"hp":4,"spa":0,"spd":0,"spe":252},"happiness":160,"item":"choiceband","ivs":{"atk":31,"def":31,"hp":31,"spa":31,"spd":31,"spe":31},"level":100,"moves":["aquajet","liquidation","closecombat","psychicfangs"],"name":"Barraskewda","nature":"Adamant","species":"Barraskewda"}],"p2":"26922","p2rating":1382,"p2team":[{"ability":"arenatrap","evs":{"atk":252,"def":0,"hp":0,"spa":0,"spd":4,"spe":252},"happiness":160,"item":"focussash","ivs":{"atk":31,"def":31,"hp":31,"spa":31,"spd":31,"spe":31},"level":100,"moves":["earthquake","suckerpunch","reversal","stoneedge"],"name":"Dugtrio","nature":"Jolly","shiny":true,"species":"Dugtrio"},{"ability":"pressure","evs":{"atk":0,"def":76,"hp":252,"spa":0,"spd":180,"spe":0},"happiness":160,"item":"leftovers","ivs":{"atk":31,"def":31,"hp":31,"spa":31,"spd":31,"spe":31},"level":100,"moves":["bravebird","roost","defog","uturn"],"name":"Corviknight","nature":"Impish","shiny":true,"species":"Corviknight"},{"ability":"infiltrator","evs":{"atk":0,"def":0,"hp":0,"spa":252,"spd":4,"spe":252},"happiness":160,"item":"choicespecs","ivs":{"atk":31,"def":31,"hp":31,"spa":31,"spd":31,"spe":31},"level":100,"moves":["dracometeor","shadowball","fireblast","thunderbolt"],"name":"Dragapult","nature":"Timid","shiny":true,"species":"Dragapult"},{"ability":"magicbounce","evs":{"atk":0,"def":204,"hp":248,"spa":0,"spd":0,"spe":56},"gender":"F","happiness":160,"item":"leftovers","ivs":{"atk":31,"def":31,"hp":31,"spa":31,"spd":31,"spe":31},"level":100,"moves":["psychic","drainingkiss","mysticalfire","calmmind"],"name":"Hatterene","nature":"Bold","shiny":true,"species":"Hatterene"},{"ability":"ironbarbs","evs":{"atk":0,"def":252,"hp":252,"spa":0,"spd":4,"spe":0},"happiness":160,"item":"leftovers","ivs":{"atk":31,"def":31,"hp":31,"spa":31,"spd":31,"spe":31},"level":100,"moves":["stealthrock","leechseed","powerwhip","knockoff"],"name":"Ferrothorn","nature":"Impish","shiny":true,"species":"Ferrothorn"},{"ability":"blaze","evs":{"atk":252,"def":0,"hp":0,"spa":0,"spd":4,"spe":252},"happiness":160,"item":"choicescarf","ivs":{"atk":31,"def":31,"hp":31,"spa":31,"spd":31,"spe":31},"level":100,"moves":["pyroball","highjumpkick","gunkshot","uturn"],"name":"Cinderace","nature":"Adamant","species":"Cinderace"}],"roomid":100237,"score":[0,1],"seed":[32826,31744,59117,7331],"timestamp":"Mon Dec 30 2019 01:XX","turns":27,"winner":"26922","rated_battle":true,"average_rating":1370}