{"endType":"normal","format":"gen8ou","inputLog":[">version aa9f8c6b9cf4eca780a1296832ecd3b0009641e0",">version-origin 5e8529faaa5905c5f8e15eafaaefa806ee8c7d06",">start {\"formatid\":\"gen8ou\",\"seed\":[43715,27106,27013,15184],\"rated\":\"Rated battle\"}",">player p1 {\"\"name\":\"94403\",\"rating\":1568}",">player p2 {\"\"name\":\"2722\",\"rating\":1627}",">p1 team 5, 2, 3, 4, 1, 6",">p2 team 6, 2, 3, 4, 5, 1",">p1 move flamethrower",">p2 move stealthrock",">p1 move flamethrower",">p2 move gyroball",">p2 switch 2",">p1 switch 5",">p2 move uturn",">p2 switch 4",">p1 switch 5",">p2 move bulkup",">p1 move moonblast",">p2 switch 4",">p1 switch 5",">p2 move highjumpkick",">p1 move stealthrock",">p2 move uturn",">p2 switch 4",">p1 move earthquake",">p2 move earthquake",">p1 switch 5",">p1 move moonblast",">p2 move earthquake",">p2 switch 5",">p1 move flamethrower",">p2 move ironhead",">p1 switch 3",">p1 move pyroball",">p2 switch 6",">p1 move suckerpunch",">p2 move dracometeor",">p2 switch 4",">p1 switch 2",">p2 move pyroball",">p1 move darkpulse",">p2 move uturn",">p2 switch 6",">p1 switch 2",">p1 move pyroball",">p2 switch 6",">p1 move suckerpunch",">p2 move courtchange",">p1 move pyroball",">p2 move highjumpkick",">p1 move suckerpunch",">p2 move courtchange",">p1 move pyroball",">p2 move courtchange",">p2 switch 3",">p1 move suckerpunch",">p2 move earthquake",">p1 switch 4",">p1 move shadowball",">p2 move earthquake",">p1 switch 6",">p1 move earthquake",">p2 move earthquake"],"log":["|j|\u260694403","|j|\u26062722","|player|p1|94403|cynthia-gen4|1568","|player|p2|2722|brawly|1627","|teamsize|p1|6","|teamsize|p2|6","|gametype|singles","|gen|8","|tier|[Gen 8] OU","|rated|","|rule|Sleep Clause Mod: Limit one foe put to sleep","|rule|Species Clause: Limit one of each Pok\u00e9mon","|rule|OHKO Clause: OHKO moves are banned","|rule|Evasion Moves Clause: Evasion moves are banned","|rule|Endless Battle Clause: Forcing endless battles is banned","|rule|HP Percentage Mod: HP is shown in percentages","|clearpoke","|poke|p1|Seismitoad, F|","|poke|p1|Hydreigon, F|","|poke|p1|Cinderace, M|","|poke|p1|Aegislash, M|","|poke|p1|Clefable, F|","|poke|p1|Darmanitan-Galar, M|","|poke|p2|Dragapult, F|","|poke|p2|Cinderace, M|","|poke|p2|Darmanitan-Galar, F|","|poke|p2|Conkeldurr, F|","|poke|p2|Bisharp, M|","|poke|p2|Ferrothorn, M|","|rule|Dynamax Clause: You cannot dynamax","|teampreview","|","|start","|switch|p1a: Clefable|Clefable, F|392\/392","|switch|p2a: Ferrothorn|Ferrothorn, M|352\/352","|turn|1","|","|move|p1a: Clefable|Flamethrower|p2a: Ferrothorn","|-supereffective|p2a: Ferrothorn","|-damage|p2a: Ferrothorn|35\/352","|move|p2a: Ferrothorn|Stealth Rock|p1a: Clefable","|-sidestart94403|move: Stealth Rock","|","|-heal|p2a: Ferrothorn|57\/352|[from] item: Leftovers","|upkeep","|turn|2","|","|move|p1a: Clefable|Flamethrower|p2a: Ferrothorn","|-supereffective|p2a: Ferrothorn","|-crit|p2a: Ferrothorn","|-damage|p2a: Ferrothorn|0 fnt","|faint|p2a: Ferrothorn","|","|upkeep","|","|switch|p2a: Cinderace|Cinderace, M|301\/301","|turn|3","|","|switch|p1a: Seismitoad|Seismitoad, F|414\/414","|-damage|p1a: Seismitoad|389\/414|[from] Stealth Rock","|move|p2a: Cinderace|U-turn|p1a: Seismitoad","|-damage|p1a: Seismitoad|322\/414","|","|switch|p2a: Conkeldurr|Conkeldurr, F|377\/377","|","|-heal|p1a: Seismitoad|347\/414|[from] item: Leftovers","|-status|p2a: Conkeldurr|brn|[from] item: Flame Orb","|upkeep","|turn|4","|","|switch|p1a: Clefable|Clefable, F|392\/392","|move|p2a: Conkeldurr|Bulk Up|p2a: Conkeldurr","|-boost|p2a: Conkeldurr|atk|1","|-boost|p2a: Conkeldurr|def|1","|","|-damage|p2a: Conkeldurr|354\/377 brn|[from] brn","|upkeep","|turn|5","|","|switch|p2a: Cinderace|Cinderace, M|301\/301","|move|p1a: Clefable|Moonblast|p2a: Cinderace","|-resisted|p2a: Cinderace","|-damage|p2a: Cinderace|178\/301","|","|upkeep","|turn|6","|","|switch|p1a: Seismitoad|Seismitoad, F|347\/414","|-damage|p1a: Seismitoad|322\/414|[from] Stealth Rock","|move|p2a: Cinderace|High Jump Kick|p1a: Seismitoad","|-damage|p1a: Seismitoad|190\/414","|","|-heal|p1a: Seismitoad|215\/414|[from] item: Leftovers","|upkeep","|turn|7","|","|move|p2a: Cinderace|U-turn|p1a: Seismitoad","|-damage|p1a: Seismitoad|152\/414","|","|switch|p2a: Conkeldurr|Conkeldurr, F|354\/377 brn","|move|p1a: Seismitoad|Stealth Rock|p2a: Conkeldurr","|-sidestart2722|move: Stealth Rock","|","|-heal|p1a: Seismitoad|177\/414|[from] item: Leftovers","|-damage|p2a: Conkeldurr|331\/377 brn|[from] brn","|upkeep","|turn|8","|","|move|p1a: Seismitoad|Earthquake|p2a: Conkeldurr","|-damage|p2a: Conkeldurr|219\/377 brn","|move|p2a: Conkeldurr|Earthquake|p1a: Seismitoad","|-damage|p1a: Seismitoad|0 fnt","|faint|p1a: Seismitoad","|","|-damage|p2a: Conkeldurr|196\/377 brn|[from] brn","|upkeep","|","|switch|p1a: Clefable|Clefable, F|392\/392","|turn|9","|","|move|p1a: Clefable|Moonblast|p2a: Conkeldurr","|-supereffective|p2a: Conkeldurr","|-damage|p2a: Conkeldurr|0 fnt","|faint|p2a: Conkeldurr","|","|upkeep","|","|switch|p2a: Bisharp|Bisharp, M|271\/271","|-damage|p2a: Bisharp|255\/271|[from] Stealth Rock","|turn|10","|","|move|p2a: Bisharp|Iron Head|p1a: Clefable","|-supereffective|p1a: Clefable","|-damage|p1a: Clefable|0 fnt","|-damage|p2a: Bisharp|228\/271|[from] item: Life Orb","|faint|p1a: Clefable","|","|upkeep","|","|switch|p1a: Cinderace|Cinderace, M|301\/301","|turn|11","|","|switch|p2a: Dragapult|Dragapult, F|317\/317","|-damage|p2a: Dragapult|278\/317|[from] Stealth Rock","|move|p1a: Cinderace|Pyro Ball|p2a: Dragapult","|-resisted|p2a: Dragapult","|-crit|p2a: Dragapult","|-damage|p2a: Dragapult|102\/317","|","|upkeep","|turn|12","|","|move|p1a: Cinderace|Sucker Punch|p2a: Dragapult","|-supereffective|p2a: Dragapult","|-damage|p2a: Dragapult|0 fnt","|faint|p2a: Dragapult","|","|upkeep","|","|switch|p2a: Cinderace|Cinderace, M|178\/301","|turn|13","|","|switch|p1a: Hydreigon|Hydreigon, F|341\/341","|-damage|p1a: Hydreigon|299\/341|[from] Stealth Rock","|move|p2a: Cinderace|Pyro Ball|p1a: Hydreigon","|-resisted|p1a: Hydreigon","|-damage|p1a: Hydreigon|186\/341","|","|-heal|p1a: Hydreigon|207\/341|[from] item: Leftovers","|upkeep","|turn|14","|","|move|p2a: Cinderace|U-turn|p1a: Hydreigon","|-supereffective|p1a: Hydreigon","|-crit|p1a: Hydreigon","|-damage|p1a: Hydreigon|0 fnt","|faint|p1a: Hydreigon","|","|switch|p2a: Bisharp|Bisharp, M|228\/271","|-damage|p2a: Bisharp|212\/271|[from] Stealth Rock","|","|upkeep","|","|switch|p1a: Cinderace|Cinderace, M|301\/301","|turn|15","|","|switch|p2a: Cinderace|Cinderace, M|178\/301","|move|p1a: Cinderace|Pyro Ball|p2a: Cinderace","|-resisted|p2a: Cinderace","|-damage|p2a: Cinderace|58\/301","|","|upkeep","|turn|16","|","|move|p1a: Cinderace|Sucker Punch||[still]","|-fail|p1a: Cinderace","|move|p2a: Cinderace|Court Change|p2a: Cinderace","|-sideend2722|Stealth Rock|[silent]","|-sideend94403|Stealth Rock|[silent]","|-sidestart2722|Stealth Rock|[silent]","|-sidestart94403|Stealth Rock|[silent]","|-activate|p2a: Cinderace|move: Court Change","|","|upkeep","|turn|17","|","|move|p2a: Cinderace|High Jump Kick|p1a: Cinderace","|-damage|p1a: Cinderace|107\/301","|move|p1a: Cinderace|Pyro Ball|p2a: Cinderace|[miss]","|-miss|p1a: Cinderace|p2a: Cinderace","|","|upkeep","|turn|18","|","|move|p1a: Cinderace|Sucker Punch||[still]","|-fail|p1a: Cinderace","|move|p2a: Cinderace|Court Change|p2a: Cinderace","|-sideend2722|Stealth Rock|[silent]","|-sideend94403|Stealth Rock|[silent]","|-sidestart2722|Stealth Rock|[silent]","|-sidestart94403|Stealth Rock|[silent]","|-activate|p2a: Cinderace|move: Court Change","|","|upkeep","|turn|19","|","|move|p1a: Cinderace|Pyro Ball|p2a: Cinderace","|-resisted|p2a: Cinderace","|-damage|p2a: Cinderace|0 fnt","|faint|p2a: Cinderace","|","|upkeep","|","|switch|p2a: Darmanitan|Darmanitan-Galar, F|351\/351","|-damage|p2a: Darmanitan|264\/351|[from] Stealth Rock","|turn|20","|","|move|p1a: Cinderace|Sucker Punch|p2a: Darmanitan","|-damage|p2a: Darmanitan|129\/351","|move|p2a: Darmanitan|Earthquake|p1a: Cinderace","|-supereffective|p1a: Cinderace","|-damage|p1a: Cinderace|0 fnt","|faint|p1a: Cinderace","|","|upkeep","|","|switch|p1a: Aegislash|Aegislash, M|324\/324","|-damage|p1a: Aegislash|304\/324|[from] Stealth Rock","|turn|21","|","|move|p2a: Darmanitan|Earthquake|p1a: Aegislash","|-supereffective|p1a: Aegislash","|-damage|p1a: Aegislash|0 fnt","|faint|p1a: Aegislash","|","|upkeep","|","|switch|p1a: Darmanitan|Darmanitan-Galar, M|351\/351","|-damage|p1a: Darmanitan|264\/351|[from] Stealth Rock","|turn|22","|","|move|p2a: Darmanitan|Earthquake|p1a: Darmanitan","|-damage|p1a: Darmanitan|0 fnt","|faint|p1a: Darmanitan","|","|win|2722","|raw|Fal&apos;Cie Orphan's rating: 1568 &rarr; <strong>1551<\/strong><br \/>(-17 for losing)","|raw|2722's rating: 1627 &rarr; <strong>1643<\/strong><br \/>(+16 for winning)",""],"p1":"94403","p1rating":1568,"p1team":[{"ability":"waterabsorb","evs":{"atk":4,"def":252,"hp":252,"spa":0,"spd":0,"spe":0},"happiness":160,"item":"leftovers","ivs":{"atk":31,"def":31,"hp":31,"spa":31,"spd":31,"spe":31},"level":100,"moves":["stealthrock","toxic","scald","earthquake"],"name":"Seismitoad","nature":"Impish","species":"Seismitoad"},{"ability":"levitate","evs":{"atk":0,"def":0,"hp":64,"spa":212,"spd":0,"spe":232},"happiness":160,"item":"leftovers","ivs":{"atk":0,"def":31,"hp":31,"spa":31,"spd":31,"spe":31},"level":100,"moves":["substitute","nastyplot","darkpulse","flashcannon"],"name":"Hydreigon","nature":"Timid","species":"Hydreigon"},{"ability":"blaze","evs":{"atk":252,"def":0,"hp":0,"spa":0,"spd":4,"spe":252},"happiness":160,"item":"heavydutyboots","ivs":{"atk":31,"def":31,"hp":31,"spa":31,"spd":31,"spe":31},"level":100,"moves":["pyroball","uturn","suckerpunch","courtchange"],"name":"Cinderace","nature":"Jolly","species":"Cinderace"},{"ability":"stancechange","evs":{"atk":0,"def":4,"hp":252,"spa":0,"spd":252,"spe":0},"happiness":160,"item":"leftovers","ivs":{"atk":31,"def":31,"hp":31,"spa":31,"spd":31,"spe":31},"level":100,"moves":["kingsshield","ironhead","shadowsneak","shadowball"],"name":"Aegislash","nature":"Sassy","species":"Aegislash"},{"ability":"magicguard","evs":{"atk":0,"def":0,"hp":244,"spa":200,"spd":0,"spe":64},"happiness":160,"item":"lifeorb","ivs":{"atk":0,"def":31,"hp":31,"spa":31,"spd":31,"spe":31},"level":100,"moves":["calmmind","moonblast","thunderbolt","flamethrower"],"name":"Clefable","nature":"Modest","species":"Clefable"},{"ability":"gorillatactics","evs":{"atk":252,"def":0,"hp":0,"spa":0,"spd":4,"spe":252},"happiness":160,"item":"choicescarf","ivs":{"atk":31,"def":31,"hp":31,"spa":31,"spd":31,"spe":31},"level":100,"moves":["iciclecrash","flareblitz","earthquake","uturn"],"name":"Darmanitan","nature":"Jolly","species":"darmanitangalar"}],"p2":"2722","p2rating":1627,"p2team":[{"ability":"infiltrator","evs":{"atk":0,"def":0,"hp":0,"spa":252,"spd":4,"spe":252},"happiness":160,"item":"choicespecs","ivs":{"atk":0,"def":31,"hp":31,"spa":31,"spd":31,"spe":31},"level":100,"moves":["thunderbolt","shadowball","flamethrower","dracometeor"],"name":"Dragapult","nature":"Modest","species":"Dragapult"},{"ability":"blaze","evs":{"atk":252,"def":0,"hp":0,"spa":0,"spd":4,"spe":252},"happiness":160,"item":"heavydutyboots","ivs":{"atk":31,"def":31,"hp":31,"spa":31,"spd":31,"spe":31},"level":100,"moves":["pyroball","courtchange","highjumpkick","uturn"],"name":"Cinderace","nature":"Jolly","species":"Cinderace"},{"ability":"gorillatactics","evs":{"atk":252,"def":0,"hp":0,"spa":0,"spd":4,"spe":252},"happiness":160,"item":"choicescarf","ivs":{"atk":31,"def":31,"hp":31,"spa":31,"spd":31,"spe":31},"level":100,"moves":["iciclecrash","flareblitz","earthquake","uturn"],"name":"Darmanitan","nature":"Jolly","species":"darmanitangalar"},{"ability":"guts","evs":{"atk":252,"def":0,"hp":104,"spa":0,"spd":0,"spe":152},"happiness":160,"item":"flameorb","ivs":{"atk":31,"def":31,"hp":31,"spa":31,"spd":31,"spe":31},"level":100,"moves":["drainpunch","bulkup","earthquake","machpunch"],"name":"Conkeldurr","nature":"Adamant","species":"Conkeldurr"},{"ability":"defiant","evs":{"atk":252,"def":0,"hp":0,"spa":0,"spd":4,"spe":252},"happiness":160,"item":"lifeorb","ivs":{"atk":31,"def":31,"hp":31,"spa":31,"spd":31,"spe":31},"level":100,"moves":["swordsdance","throatchop","ironhead","suckerpunch"],"name":"Bisharp","nature":"Adamant","species":"Bisharp"},{"ability":"ironbarbs","evs":{"atk":0,"def":24,"hp":252,"spa":0,"spd":232,"spe":0},"happiness":160,"item":"leftovers","ivs":{"atk":31,"def":31,"hp":31,"spa":31,"spd":31,"spe":0},"level":100,"moves":["stealthrock","leechseed","gyroball","powerwhip"],"name":"Ferrothorn","nature":"Sassy","species":"Ferrothorn"}],"roomid":1023739,"score":[0,2],"seed":[43715,27106,27013,15184],"timestamp":"Sat Dec 28 2019 04:XX","turns":22,"winner":"2722","rated_battle":true,"average_rating":1597}