{"endType":"forfeit","format":"gen8ou","inputLog":[">version aa9f8c6b9cf4eca780a1296832ecd3b0009641e0",">version-origin 5e8529faaa5905c5f8e15eafaaefa806ee8c7d06",">start {\"formatid\":\"gen8ou\",\"seed\":[16733,7985,5894,52338],\"rated\":\"Rated battle\"}",">player p1 {\"\"name\":\"9254\",\"rating\":1226}",">player p2 {\"\"name\":\"86220\",\"rating\":1184}",">p1 team 1, 2, 3, 4, 5, 6",">p2 team 1, 2, 3, 4, 5, 6",">p1 move thunderwave",">p2 move reflect",">p1 move reflect",">p2 move lightscreen",">p1 move thunderwave",">p2 switch 5",">p1 switch 6",">p2 move pyroball",">p1 move courtchange",">p2 switch 5",">p1 switch 6",">p2 move hypnosis",">p1 move spiritbreak",">p2 switch 3",">p1 switch 2",">p2 move shiftgear",">p1 move earthquake",">p2 switch 4",">p1 switch 2",">p2 move foulplay",">p1 move spiritbreak",">p2 move uturn",">p2 switch 3",">p1 move spiritbreak",">p2 move lightscreen",">p1 move thunderwave",">p2 move reflect",">p1 switch 6",">p2 move hypnosis",">p1 move courtchange",">p2 switch 6",">p1 move courtchange",">p2 move earthquake",">p1 switch 6",">p1 move reflect",">p2 switch 3",">p1 move spiritbreak",">p2 move uturn",">p2 switch 6",">p1 switch 5",">p2 move hypnosis",">p1 move swordsdance",">p2 switch 2",">p1 move ironhead",">p2 move clangoroussoul",">p1 move ironhead",">p2 move superpower",">p1 move suckerpunch",">p2 move superpower",">p1 switch 2",">p1 move outrage",">p2 move clangingscales",">p2 switch 6",">p1 move outrage",">p2 move foulplay",">p1 switch 3",">p2 move foulplay",">p1 move scald",">p2 move roost",">p1 move icebeam",">p2 move uturn",">p2 switch 2",">p1 move scald",">p2 move lightscreen",">p1 move scald",">p2 move hypnosis",">p2 switch 4",">p1 switch 3",">p2 move shiftgear",">p1 move uturn",">p2 switch 5",">p1 switch 5",">p1 move reflect",">p2 move courtchange",">p1 move suckerpunch",">p2 switch 5",">p1 move reflect",">p2 move shiftgear",">p1 move suckerpunch",">p2 move shiftgear",">p1 move spiritbreak",">p2 move boomburst",">p1 switch 3",">p1 move haze",">p2 move boomburst",">p1 switch 5",">p2 move overdrive",">p1 move earthquake",">p2 move boomburst",">p2 switch 2",">p1 switch 4",">p2 move roost",">p1 move moonblast",">p2 switch 5",">p1 move psychic",">p2 move pyroball",">p2 switch 3",">p1 move mysticalfire",">p2 move bellydrum",">p2 switch 5",">p1 move moonblast",">p2 move foulplay"],"log":["|j|\u26069254","|j|\u260686220","|player|p1|9254|worker-gen4|1226","|player|p2|86220|caitlin|1184","|teamsize|p1|6","|teamsize|p2|6","|gametype|singles","|gen|8","|tier|[Gen 8] OU","|rated|","|rule|Sleep Clause Mod: Limit one foe put to sleep","|rule|Species Clause: Limit one of each Pok\u00e9mon","|rule|OHKO Clause: OHKO moves are banned","|rule|Evasion Moves Clause: Evasion moves are banned","|rule|Endless Battle Clause: Forcing endless battles is banned","|rule|HP Percentage Mod: HP is shown in percentages","|clearpoke","|poke|p1|Grimmsnarl, M|","|poke|p1|Flygon, M|","|poke|p1|Milotic, F|","|poke|p1|Gardevoir, F|","|poke|p1|Bisharp, M|","|poke|p1|Cinderace, F|","|poke|p2|Musharna, F|","|poke|p2|Kommo-o, F|","|poke|p2|Toxtricity, M|","|poke|p2|Mandibuzz, F|","|poke|p2|Cinderace, M|","|poke|p2|Darmanitan-Galar, M|","|rule|Dynamax Clause: You cannot dynamax","|teampreview","|","|start","|switch|p1a: Grimmsnarl|Grimmsnarl, M|394\/394","|switch|p2a: Caitlin's Musharna|Musharna, F|436\/436","|-activate|p2a: Caitlin's Musharna|ability: Forewarn|Spirit Break|[of] p1a: Grimmsnarl","|turn|1","|","|move|p1a: Grimmsnarl|Thunder Wave|p2a: Caitlin's Musharna|[miss]","|-miss|p1a: Grimmsnarl|p2a: Caitlin's Musharna","|move|p2a: Caitlin's Musharna|Reflect|p2a: Caitlin's Musharna","|-sidestart86220|Reflect","|","|upkeep","|turn|2","|","|move|p1a: Grimmsnarl|Reflect|p1a: Grimmsnarl","|-sidestart9254|Reflect","|move|p2a: Caitlin's Musharna|Light Screen|p2a: Caitlin's Musharna","|-sidestart86220|move: Light Screen","|","|upkeep","|turn|3","|","|switch|p2a: Cinderace|Cinderace, M|301\/301","|move|p1a: Grimmsnarl|Thunder Wave|p2a: Cinderace","|-status|p2a: Cinderace|par","|","|upkeep","|turn|4","|","|switch|p1a: Cinderace|Cinderace, F|302\/302","|move|p2a: Cinderace|Pyro Ball|p1a: Cinderace","|-resisted|p1a: Cinderace","|-damage|p1a: Cinderace|235\/302","|","|upkeep","|turn|5","|","|switch|p2a: Caitlin's Musharna|Musharna, F|436\/436","|-activate|p2a: Caitlin's Musharna|ability: Forewarn|High Jump Kick|[of] p1a: Cinderace","|move|p1a: Cinderace|Court Change|p1a: Cinderace","|-sideend86220|Light Screen|[silent]","|-sidestart9254|Light Screen|[silent]","|-sideend9254|Reflect|[silent]","|-sideend86220|Reflect|[silent]","|-sidestart9254|Reflect|[silent]","|-sidestart86220|Reflect|[silent]","|-activate|p1a: Cinderace|move: Court Change","|","|upkeep","|turn|6","|","|switch|p1a: Grimmsnarl|Grimmsnarl, M|394\/394","|move|p2a: Caitlin's Musharna|Hypnosis|p1a: Grimmsnarl","|-status|p1a: Grimmsnarl|slp|[from] move: Hypnosis","|","|upkeep","|turn|7","|","|switch|p2a: Toxtricity|Toxtricity, M|354\/354","|cant|p1a: Grimmsnarl|slp","|","|upkeep","|turn|8","|","|switch|p1a: Flygon|Flygon, M|302\/302","|move|p2a: Toxtricity|Shift Gear|p2a: Toxtricity","|-boost|p2a: Toxtricity|spe|2","|-boost|p2a: Toxtricity|atk|1","|","|-sideend9254|Reflect","|upkeep","|turn|9","|","|switch|p2a: Mandibuzz|Mandibuzz, F|423\/423","|move|p1a: Flygon|Earthquake|p2a: Mandibuzz","|-immune|p2a: Mandibuzz","|","|-sideend86220|Reflect","|-sideend9254|move: Light Screen","|upkeep","|turn|10","|","|switch|p1a: Grimmsnarl|Grimmsnarl, M|394\/394 slp","|move|p2a: Mandibuzz|Foul Play|p1a: Grimmsnarl","|-resisted|p1a: Grimmsnarl","|-damage|p1a: Grimmsnarl|328\/394 slp","|","|upkeep","|turn|11","|","|move|p2a: Mandibuzz|U-turn|p1a: Grimmsnarl","|-damage|p1a: Grimmsnarl|277\/394 slp","|","|switch|p2a: Caitlin's Musharna|Musharna, F|436\/436","|-activate|p2a: Caitlin's Musharna|ability: Forewarn|Spirit Break|[of] p1a: Grimmsnarl","|cant|p1a: Grimmsnarl|slp","|","|upkeep","|turn|12","|","|-curestatus|p1a: Grimmsnarl|slp|[msg]","|move|p1a: Grimmsnarl|Spirit Break|p2a: Caitlin's Musharna","|-damage|p2a: Caitlin's Musharna|291\/436","|-unboost|p2a: Caitlin's Musharna|spa|1","|move|p2a: Caitlin's Musharna|Light Screen|p2a: Caitlin's Musharna","|-sidestart86220|move: Light Screen","|","|upkeep","|turn|13","|","|move|p1a: Grimmsnarl|Thunder Wave|p2a: Caitlin's Musharna","|-status|p2a: Caitlin's Musharna|par","|move|p2a: Caitlin's Musharna|Reflect|p2a: Caitlin's Musharna","|-sidestart86220|Reflect","|","|upkeep","|turn|14","|","|switch|p1a: Cinderace|Cinderace, F|235\/302","|move|p2a: Caitlin's Musharna|Hypnosis|p1a: Cinderace","|-status|p1a: Cinderace|slp|[from] move: Hypnosis","|","|upkeep","|turn|15","|","|switch|p2a: Darmanitan|Darmanitan-Galar, M|352\/352","|cant|p1a: Cinderace|slp","|","|upkeep","|turn|16","|","|cant|p1a: Cinderace|slp","|move|p2a: Darmanitan|Earthquake|p1a: Cinderace","|-supereffective|p1a: Cinderace","|-damage|p1a: Cinderace|0 fnt","|faint|p1a: Cinderace","|","|upkeep","|","|switch|p1a: Grimmsnarl|Grimmsnarl, M|277\/394","|turn|17","|","|switch|p2a: Mandibuzz|Mandibuzz, F|423\/423","|move|p1a: Grimmsnarl|Reflect|p1a: Grimmsnarl","|-sidestart9254|Reflect","|","|upkeep","|turn|18","|","|move|p2a: Mandibuzz|U-turn|p1a: Grimmsnarl","|-damage|p1a: Grimmsnarl|251\/394","|","|switch|p2a: Caitlin's Musharna|Musharna, F|291\/436 par","|-activate|p2a: Caitlin's Musharna|ability: Forewarn|Spirit Break|[of] p1a: Grimmsnarl","|move|p1a: Grimmsnarl|Spirit Break|p2a: Caitlin's Musharna","|-damage|p2a: Caitlin's Musharna|219\/436 par","|-unboost|p2a: Caitlin's Musharna|spa|1","|","|upkeep","|turn|19","|","|switch|p1a: Bisharp|Bisharp, M|334\/334","|move|p2a: Caitlin's Musharna|Hypnosis|p1a: Bisharp","|-status|p1a: Bisharp|slp|[from] move: Hypnosis","|","|-sideend86220|move: Light Screen","|upkeep","|turn|20","|","|switch|p2a: Kommo-o|Kommo-o, F|291\/291","|cant|p1a: Bisharp|slp","|","|-sideend86220|Reflect","|upkeep","|turn|21","|","|move|p2a: Kommo-o|Clangorous Soul|p2a: Kommo-o","|-boost|p2a: Kommo-o|atk|1","|-boost|p2a: Kommo-o|def|1","|-boost|p2a: Kommo-o|spa|1","|-boost|p2a: Kommo-o|spd|1","|-boost|p2a: Kommo-o|spe|1","|-damage|p2a: Kommo-o|194\/291","|cant|p1a: Bisharp|slp","|","|-heal|p2a: Kommo-o|212\/291|[from] item: Leftovers","|upkeep","|turn|22","|","|move|p2a: Kommo-o|Superpower|p1a: Bisharp","|-supereffective|p1a: Bisharp","|-enditem|p1a: Bisharp|Focus Sash","|-damage|p1a: Bisharp|1\/334 slp","|-unboost|p2a: Kommo-o|atk|1","|-unboost|p2a: Kommo-o|def|1","|cant|p1a: Bisharp|slp","|","|-heal|p2a: Kommo-o|230\/291|[from] item: Leftovers","|upkeep","|turn|23","|","|-curestatus|p1a: Bisharp|slp|[msg]","|move|p1a: Bisharp|Sucker Punch|p2a: Kommo-o","|-resisted|p2a: Kommo-o","|-damage|p2a: Kommo-o|174\/291","|move|p2a: Kommo-o|Superpower|p1a: Bisharp","|-supereffective|p1a: Bisharp","|-damage|p1a: Bisharp|0 fnt","|-unboost|p2a: Kommo-o|atk|1","|-unboost|p2a: Kommo-o|def|1","|faint|p1a: Bisharp","|","|-heal|p2a: Kommo-o|192\/291|[from] item: Leftovers","|upkeep","|html|<div class=\"infobox\">Dark:<br \/><span class=\"message-effect-weak\">Weaknesses<\/span>: Bug, Fairy, Fighting<br \/><span class=\"message-effect-resist\">Resistances<\/span>: Dark, Ghost<br \/><span class=\"message-effect-immune\">Immunities<\/span>: Psychic<\/div>","|","|switch|p1a: Flygon|Flygon, M|302\/302","|turn|24","|","|move|p1a: Flygon|Outrage|p2a: Kommo-o","|-supereffective|p2a: Kommo-o","|-damage|p2a: Kommo-o|0 fnt","|faint|p2a: Kommo-o","|","|-sideend9254|Reflect","|upkeep","|","|switch|p2a: Mandibuzz|Mandibuzz, F|423\/423","|turn|25","|","|move|p1a: Flygon|Outrage|p2a: Mandibuzz|[from]lockedmove","|-damage|p2a: Mandibuzz|297\/423","|-start|p1a: Flygon|confusion|[fatigue]","|move|p2a: Mandibuzz|Foul Play|p1a: Flygon","|-damage|p1a: Flygon|119\/302","|","|upkeep","|turn|26","|","|switch|p1a: Milotic|Milotic, F|394\/394","|move|p2a: Mandibuzz|Foul Play|p1a: Milotic","|-damage|p1a: Milotic|324\/394","|","|-heal|p1a: Milotic|348\/394|[from] item: Leftovers","|upkeep","|turn|27","|","|move|p1a: Milotic|Scald|p2a: Mandibuzz","|-damage|p2a: Mandibuzz|156\/423","|move|p2a: Mandibuzz|Roost|p2a: Mandibuzz","|-heal|p2a: Mandibuzz|368\/423","|-singleturn|p2a: Mandibuzz|move: Roost","|","|-heal|p1a: Milotic|372\/394|[from] item: Leftovers","|upkeep","|turn|28","|","|move|p1a: Milotic|Ice Beam|p2a: Mandibuzz","|-supereffective|p2a: Mandibuzz","|-damage|p2a: Mandibuzz|176\/423","|move|p2a: Mandibuzz|U-turn|p1a: Milotic","|-damage|p1a: Milotic|326\/394","|","|switch|p2a: Caitlin's Musharna|Musharna, F|219\/436 par","|-activate|p2a: Caitlin's Musharna|ability: Forewarn|Ice Beam|[of] p1a: Milotic","|","|-heal|p1a: Milotic|350\/394|[from] item: Leftovers","|upkeep","|turn|29","|","|move|p1a: Milotic|Scald|p2a: Caitlin's Musharna","|-damage|p2a: Caitlin's Musharna|128\/436 par","|move|p2a: Caitlin's Musharna|Light Screen|p2a: Caitlin's Musharna","|-sidestart86220|move: Light Screen","|","|-heal|p1a: Milotic|374\/394|[from] item: Leftovers","|upkeep","|turn|30","|","|move|p1a: Milotic|Scald|p2a: Caitlin's Musharna","|-crit|p2a: Caitlin's Musharna","|-damage|p2a: Caitlin's Musharna|0 fnt","|faint|p2a: Caitlin's Musharna","|","|-heal|p1a: Milotic|394\/394|[from] item: Leftovers","|upkeep","|","|switch|p2a: Toxtricity|Toxtricity, M|354\/354","|turn|31","|","|switch|p1a: Flygon|Flygon, M|119\/302","|move|p2a: Toxtricity|Shift Gear|p2a: Toxtricity","|-boost|p2a: Toxtricity|spe|2","|-boost|p2a: Toxtricity|atk|1","|","|upkeep","|turn|32","|","|switch|p2a: Cinderace|Cinderace, M|301\/301 par","|move|p1a: Flygon|U-turn|p2a: Cinderace","|-resisted|p2a: Cinderace","|-damage|p2a: Cinderace|253\/301 par","|","|switch|p1a: Grimmsnarl|Grimmsnarl, M|251\/394","|","|upkeep","|turn|33","|","|move|p1a: Grimmsnarl|Reflect|p1a: Grimmsnarl","|-sidestart9254|Reflect","|move|p2a: Cinderace|Court Change|p2a: Cinderace","|-sideend86220|Light Screen|[silent]","|-sidestart9254|Light Screen|[silent]","|-sideend9254|Reflect|[silent]","|-sidestart86220|Reflect|[silent]","|-activate|p2a: Cinderace|move: Court Change","|","|upkeep","|turn|34","|","|switch|p2a: Toxtricity|Toxtricity, M|354\/354","|move|p1a: Grimmsnarl|Sucker Punch||[still]","|-fail|p1a: Grimmsnarl","|","|upkeep","|turn|35","|","|move|p1a: Grimmsnarl|Reflect|p1a: Grimmsnarl","|-sidestart9254|Reflect","|move|p2a: Toxtricity|Shift Gear|p2a: Toxtricity","|-boost|p2a: Toxtricity|spe|2","|-boost|p2a: Toxtricity|atk|1","|","|upkeep","|turn|36","|","|move|p1a: Grimmsnarl|Sucker Punch||[still]","|-fail|p1a: Grimmsnarl","|move|p2a: Toxtricity|Shift Gear|p2a: Toxtricity","|-boost|p2a: Toxtricity|spe|2","|-boost|p2a: Toxtricity|atk|1","|","|-sideend9254|move: Light Screen","|upkeep","|turn|37","|","|move|p2a: Toxtricity|Boomburst|p1a: Grimmsnarl","|-damage|p1a: Grimmsnarl|0 fnt","|-enditem|p2a: Toxtricity|Throat Spray","|-boost|p2a: Toxtricity|spa|1","|faint|p1a: Grimmsnarl","|","|upkeep","|","|switch|p1a: Milotic|Milotic, F|394\/394","|turn|38","|","|move|p2a: Toxtricity|Boomburst|p1a: Milotic","|-damage|p1a: Milotic|149\/394","|move|p1a: Milotic|Haze|p1a: Milotic","|-clearallboost","|","|-heal|p1a: Milotic|173\/394|[from] item: Leftovers","|upkeep","|turn|39","|","|switch|p1a: Flygon|Flygon, M|119\/302","|move|p2a: Toxtricity|Overdrive|p1a: Flygon","|-immune|p1a: Flygon","|","|upkeep","|turn|40","|","|move|p1a: Flygon|Earthquake|p2a: Toxtricity","|-supereffective|p2a: Toxtricity","|-damage|p2a: Toxtricity|0 fnt","|faint|p2a: Toxtricity","|","|-sideend86220|Reflect","|upkeep","|","|switch|p2a: Mandibuzz|Mandibuzz, F|176\/423","|turn|41","|","|switch|p1a: Gardevoir|Gardevoir, F|277\/277","|-ability|p1a: Gardevoir|Overcoat|[from] ability: Trace|[of] p2a: Mandibuzz","|move|p2a: Mandibuzz|Roost|p2a: Mandibuzz","|-heal|p2a: Mandibuzz|388\/423","|-singleturn|p2a: Mandibuzz|move: Roost","|","|upkeep","|turn|42","|","|switch|p2a: Cinderace|Cinderace, M|253\/301 par","|move|p1a: Gardevoir|Moonblast|p2a: Cinderace","|-resisted|p2a: Cinderace","|-damage|p2a: Cinderace|148\/301 par","|","|-sideend9254|Reflect","|upkeep","|turn|43","|","|move|p1a: Gardevoir|Psychic|p2a: Cinderace","|-damage|p2a: Cinderace|0 fnt","|faint|p2a: Cinderace","|","|upkeep","|","|switch|p2a: Darmanitan|Darmanitan-Galar, M|352\/352","|turn|44","|","|move|p2a: Darmanitan|Belly Drum|p2a: Darmanitan","|-damage|p2a: Darmanitan|176\/352","|-setboost|p2a: Darmanitan|atk|6|[from] move: Belly Drum","|move|p1a: Gardevoir|Mystical Fire|p2a: Darmanitan","|-supereffective|p2a: Darmanitan","|-damage|p2a: Darmanitan|0 fnt","|faint|p2a: Darmanitan","|","|upkeep","|","|switch|p2a: Mandibuzz|Mandibuzz, F|388\/423","|turn|45","|","|move|p1a: Gardevoir|Moonblast|p2a: Mandibuzz","|-supereffective|p2a: Mandibuzz","|-damage|p2a: Mandibuzz|10\/423","|move|p2a: Mandibuzz|Foul Play|p1a: Gardevoir","|-damage|p1a: Gardevoir|195\/277","|","|upkeep","|turn|46","|-message|86220 forfeited.","|","|win|9254","|l|\u260686220","|raw|9254's rating: 1226 &rarr; <strong>1248<\/strong><br \/>(+22 for winning)","|raw|86220's rating: 1184 &rarr; <strong>1162<\/strong><br \/>(-22 for losing)",""],"p1":"9254","p1rating":1226,"p1team":[{"ability":"prankster","evs":{"atk":252,"def":0,"hp":252,"spa":0,"spd":4,"spe":0},"gender":"M","happiness":160,"item":"lightclay","ivs":{"atk":31,"def":31,"hp":31,"spa":31,"spd":31,"spe":31},"level":100,"moves":["suckerpunch","spiritbreak","reflect","thunderwave"],"name":"Grimmsnarl","nature":"Adamant","species":"Grimmsnarl"},{"ability":"levitate","evs":{"atk":252,"def":0,"hp":4,"spa":0,"spd":0,"spe":252},"gender":"M","happiness":160,"item":"choicescarf","ivs":{"atk":31,"def":31,"hp":31,"spa":31,"spd":31,"spe":31},"level":100,"moves":["earthquake","outrage","firepunch","uturn"],"name":"Flygon","nature":"Adamant","species":"Flygon"},{"ability":"competitive","evs":{"atk":0,"def":4,"hp":252,"spa":252,"spd":0,"spe":0},"gender":"F","happiness":160,"item":"leftovers","ivs":{"atk":0,"def":31,"hp":31,"spa":31,"spd":31,"spe":31},"level":100,"moves":["scald","icebeam","recover","haze"],"name":"Milotic","nature":"Modest","species":"Milotic"},{"ability":"trace","evs":{"atk":0,"def":0,"hp":0,"spa":252,"spd":4,"spe":252},"gender":"F","happiness":160,"item":"wiseglasses","ivs":{"atk":0,"def":31,"hp":31,"spa":31,"spd":31,"spe":31},"level":100,"moves":["psychic","moonblast","shadowball","mysticalfire"],"name":"Gardevoir","nature":"Timid","species":"Gardevoir"},{"ability":"defiant","evs":{"atk":252,"def":0,"hp":252,"spa":0,"spd":4,"spe":0},"gender":"M","happiness":160,"item":"focussash","ivs":{"atk":31,"def":31,"hp":31,"spa":31,"spd":31,"spe":31},"level":100,"moves":["suckerpunch","ironhead","brickbreak","swordsdance"],"name":"Bisharp","nature":"Adamant","species":"Bisharp"},{"ability":"blaze","evs":{"atk":252,"def":0,"hp":4,"spa":0,"spd":0,"spe":252},"gender":"F","happiness":160,"item":"lifeorb","ivs":{"atk":31,"def":31,"hp":31,"spa":31,"spd":31,"spe":31},"level":100,"moves":["pyroball","highjumpkick","suckerpunch","courtchange"],"name":"Cinderace","nature":"Jolly","species":"Cinderace"}],"p2":"86220","p2rating":1184,"p2team":[{"ability":"forewarn","evs":{"atk":0,"def":0,"hp":252,"spa":4,"spd":252,"spe":0},"gender":"F","happiness":160,"item":"lightclay","ivs":{"atk":0,"def":31,"hp":31,"spa":31,"spd":31,"spe":31},"level":100,"moves":["hypnosis","dreameater","reflect","lightscreen"],"name":"Caitlin's Musharna","nature":"Calm","species":"musharna"},{"ability":"bulletproof","evs":{"atk":252,"def":0,"hp":0,"spa":4,"spd":0,"spe":252},"happiness":160,"item":"leftovers","ivs":{"atk":31,"def":31,"hp":31,"spa":31,"spd":31,"spe":31},"level":100,"moves":["clangoroussoul","clangingscales","superpower","poisonjab"],"name":"Kommo-o","nature":"Naive","species":"Kommo-o"},{"ability":"punkrock","evs":{"atk":0,"def":0,"hp":252,"spa":252,"spd":4,"spe":0},"happiness":160,"item":"throatspray","ivs":{"atk":0,"def":31,"hp":31,"spa":31,"spd":31,"spe":31},"level":100,"moves":["shiftgear","boomburst","overdrive","sludgewave"],"name":"Toxtricity","nature":"Modest","species":"Toxtricity"},{"ability":"overcoat","evs":{"atk":0,"def":252,"hp":248,"spa":0,"spd":8,"spe":0},"gender":"F","happiness":160,"item":"heavydutyboots","ivs":{"atk":31,"def":31,"hp":31,"spa":31,"spd":31,"spe":31},"level":100,"moves":["foulplay","uturn","roost","defog"],"name":"Mandibuzz","nature":"Impish","species":"Mandibuzz"},{"ability":"blaze","evs":{"atk":252,"def":0,"hp":0,"spa":0,"spd":4,"spe":252},"happiness":160,"item":"choicescarf","ivs":{"atk":31,"def":31,"hp":31,"spa":31,"spd":31,"spe":31},"level":100,"moves":["pyroball","uturn","courtchange","highjumpkick"],"name":"Cinderace","nature":"Jolly","species":"Cinderace"},{"ability":"zenmode","evs":{"atk":252,"def":0,"hp":4,"spa":0,"spd":0,"spe":252},"happiness":160,"item":"salacberry","ivs":{"atk":31,"def":31,"hp":31,"spa":31,"spd":31,"spe":31},"level":100,"moves":["substitute","bellydrum","earthquake","firepunch"],"name":"Darmanitan","nature":"Jolly","species":"darmanitangalar"}],"roomid":1015864,"score":[3,1],"seed":[16733,7985,5894,52338],"timestamp":"Sat Dec 28 2019 02:XX","turns":46,"winner":"9254","rated_battle":true,"average_rating":1205}