{"endType":"normal","format":"gen8ou","inputLog":[">version aa9f8c6b9cf4eca780a1296832ecd3b0009641e0",">version-origin 5e8529faaa5905c5f8e15eafaaefa806ee8c7d06",">start {\"formatid\":\"gen8ou\",\"seed\":[62831,36164,57254,50870],\"rated\":\"Rated battle\"}",">player p1 {\"\"name\":\"26136\",\"rating\":1312}",">player p2 {\"\"name\":\"7678\",\"rating\":1303}",">p1 team 3, 1, 2, 4, 5, 6",">p2 team 2, 1, 3, 4, 5, 6",">p1 move protect",">p2 move flamethrower",">p1 switch 5",">p2 move flamethrower",">p1 move firelash",">p2 switch 2",">p1 move firelash",">p2 move scald",">p1 move firelash",">p2 move toxicspikes",">p1 move firelash",">p2 move banefulbunker",">p1 move firelash",">p2 move recover",">p1 move firelash",">p2 move recover",">p1 move firelash",">p2 move recover",">p1 move rest",">p2 move recover",">p1 move firelash",">p2 move toxicspikes",">p1 move firelash",">p2 move scald",">p1 move firelash",">p2 move banefulbunker",">p1 move firelash",">p2 move recover",">p1 move firelash",">p2 move recover",">p1 move firelash",">p2 move scald",">p1 move rest",">p2 switch 5",">p1 switch 3",">p2 move dragondance",">p1 move whirlwind",">p2 move dragondarts",">p1 move stealthrock",">p2 move icebeam",">p1 switch 3",">p1 move firelash",">p2 switch 5",">p1 switch 5",">p2 move scald",">p1 move spikes",">p2 switch 6",">p1 move spikes",">p2 move stealthrock",">p1 move spikes",">p2 move spikes",">p1 move spikes",">p2 move spikes",">p1 move spikes",">p2 move spikes",">p1 move leechseed",">p2 move spikes",">p1 move leechseed",">p2 move spikes",">p1 move leechseed",">p2 move spikes",">p1 move leechseed",">p2 move spikes",">p1 move leechseed",">p2 move spikes",">p1 move leechseed",">p2 move spikes",">p1 move leechseed",">p2 switch 2",">p1 move protect",">p2 move flamethrower",">p1 switch 5",">p2 move sludgebomb",">p1 move rest",">p2 move sludgebomb",">p1 move rest",">p2 move sludgebomb",">p1 move firelash",">p2 switch 3",">p1 switch 4",">p2 move rapidspin",">p1 move shadowball",">p2 switch 3",">p1 move shadowball",">p2 move icebeam",">p1 switch 4",">p1 move firelash",">p2 move sludgebomb",">p1 move firelash",">p2 move sludgebomb",">p2 switch 6",">p1 move firelash",">p2 move banefulbunker",">p1 move firelash",">p2 move scald",">p1 move firelash",">p2 move scald",">p1 switch 6",">p1 move nastyplot",">p2 move banefulbunker",">p1 move hydropump",">p2 switch 2",">p1 move discharge",">p2 move leechseed",">p1 switch 5",">p2 move gyroball",">p1 move leechseed",">p2 switch 3",">p1 move protect",">p2 move rapidspin",">p1 move spikes",">p2 move rapidspin",">p1 move powerwhip",">p2 move swordsdance",">p2 switch 4",">p1 move leechseed",">p2 move dragondarts",">p1 move spikes",">p2 move phantomforce",">p1 move spikes",">p2 move phantomforce",">p1 move protect",">p2 move phantomforce",">p2 switch 5",">p1 move leechseed",">p2 move quiverdance",">p1 move powerwhip",">p2 move bugbuzz",">p1 move powerwhip",">p2 move bugbuzz",">p1 switch 5",">p1 move discharge",">p2 move gigadrain",">p1 switch 2",">p1 move closecombat",">p2 move icebeam"],"log":["|j|\u203d26136","|j|\u26067678","|player|p1|26136|2|1312","|player|p2|7678|170|1303","|teamsize|p1|6","|teamsize|p2|6","|gametype|singles","|gen|8","|tier|[Gen 8] OU","|rated|","|rule|Sleep Clause Mod: Limit one foe put to sleep","|rule|Species Clause: Limit one of each Pok\u00e9mon","|rule|OHKO Clause: OHKO moves are banned","|rule|Evasion Moves Clause: Evasion moves are banned","|rule|Endless Battle Clause: Forcing endless battles is banned","|rule|HP Percentage Mod: HP is shown in percentages","|clearpoke","|poke|p1|Bewear, F|","|poke|p1|Hippowdon, F|","|poke|p1|Ferrothorn, M|","|poke|p1|Dragapult, F|","|poke|p1|Centiskorch, M|","|poke|p1|Rotom-Wash|","|poke|p2|Toxapex, M|","|poke|p2|Goodra, F|","|poke|p2|Excadrill, F|","|poke|p2|Frosmoth, F|","|poke|p2|Dragapult, M|","|poke|p2|Ferrothorn, M|","|rule|Dynamax Clause: You cannot dynamax","|teampreview","|","|start","|switch|p1a: Ferrothorn|Ferrothorn, M|352\/352","|switch|p2a: Goodra|Goodra, F|383\/383","|turn|1","|","|move|p1a: Ferrothorn|Protect|p1a: Ferrothorn","|-singleturn|p1a: Ferrothorn|Protect","|move|p2a: Goodra|Flamethrower|p1a: Ferrothorn","|-activate|p1a: Ferrothorn|move: Protect","|","|upkeep","|turn|2","|","|switch|p1a: Centiskorch|Centiskorch, M|404\/404","|move|p2a: Goodra|Flamethrower|p1a: Centiskorch","|-start|p1a: Centiskorch|ability: Flash Fire","|","|upkeep","|turn|3","|","|switch|p2a: Toxapex|Toxapex, M|304\/304","|move|p1a: Centiskorch|Fire Lash|p2a: Toxapex","|-resisted|p2a: Toxapex","|-damage|p2a: Toxapex|259\/304","|-unboost|p2a: Toxapex|def|1","|","|-heal|p2a: Toxapex|278\/304|[from] item: Black Sludge","|upkeep","|turn|4","|","|move|p1a: Centiskorch|Fire Lash|p2a: Toxapex","|-resisted|p2a: Toxapex","|-damage|p2a: Toxapex|213\/304","|-unboost|p2a: Toxapex|def|1","|move|p2a: Toxapex|Scald|p1a: Centiskorch","|-supereffective|p1a: Centiskorch","|-damage|p1a: Centiskorch|312\/404","|","|-heal|p2a: Toxapex|232\/304|[from] item: Black Sludge","|upkeep","|turn|5","|","|move|p1a: Centiskorch|Fire Lash|p2a: Toxapex","|-resisted|p2a: Toxapex","|-damage|p2a: Toxapex|154\/304","|-unboost|p2a: Toxapex|def|1","|move|p2a: Toxapex|Toxic Spikes|p1a: Centiskorch","|-sidestart26136|move: Toxic Spikes","|","|-heal|p2a: Toxapex|173\/304|[from] item: Black Sludge","|upkeep","|turn|6","|","|move|p2a: Toxapex|Baneful Bunker|p2a: Toxapex","|-singleturn|p2a: Toxapex|move: Protect","|move|p1a: Centiskorch|Fire Lash|p2a: Toxapex","|-activate|p2a: Toxapex|move: Protect","|-status|p1a: Centiskorch|psn","|","|-heal|p2a: Toxapex|192\/304|[from] item: Black Sludge","|-damage|p1a: Centiskorch|262\/404 psn|[from] psn","|upkeep","|turn|7","|","|move|p1a: Centiskorch|Fire Lash|p2a: Toxapex","|-resisted|p2a: Toxapex","|-damage|p2a: Toxapex|95\/304","|-unboost|p2a: Toxapex|def|1","|move|p2a: Toxapex|Recover|p2a: Toxapex","|-heal|p2a: Toxapex|247\/304","|","|-heal|p2a: Toxapex|266\/304|[from] item: Black Sludge","|-damage|p1a: Centiskorch|212\/404 psn|[from] psn","|upkeep","|turn|8","|","|move|p1a: Centiskorch|Fire Lash|p2a: Toxapex","|-resisted|p2a: Toxapex","|-damage|p2a: Toxapex|136\/304","|-unboost|p2a: Toxapex|def|1","|move|p2a: Toxapex|Recover|p2a: Toxapex","|-heal|p2a: Toxapex|288\/304","|","|-heal|p2a: Toxapex|304\/304|[from] item: Black Sludge","|-damage|p1a: Centiskorch|162\/404 psn|[from] psn","|upkeep","|turn|9","|","|move|p1a: Centiskorch|Fire Lash|p2a: Toxapex","|-resisted|p2a: Toxapex","|-damage|p2a: Toxapex|152\/304","|-unboost|p2a: Toxapex|def|1","|move|p2a: Toxapex|Recover|p2a: Toxapex","|-heal|p2a: Toxapex|304\/304","|","|-damage|p1a: Centiskorch|112\/404 psn|[from] psn","|upkeep","|turn|10","|","|move|p1a: Centiskorch|Rest|p1a: Centiskorch","|-status|p1a: Centiskorch|slp|[from] move: Rest","|-heal|p1a: Centiskorch|404\/404 slp|[silent]","|move|p2a: Toxapex|Recover||[still]","|-fail|p2a: Toxapex|heal","|","|upkeep","|turn|11","|","|cant|p1a: Centiskorch|slp","|move|p2a: Toxapex|Toxic Spikes|p1a: Centiskorch","|-sidestart26136|move: Toxic Spikes","|","|upkeep","|turn|12","|","|cant|p1a: Centiskorch|slp","|move|p2a: Toxapex|Scald|p1a: Centiskorch","|-supereffective|p1a: Centiskorch","|-damage|p1a: Centiskorch|300\/404 slp","|","|upkeep","|turn|13","|","|move|p2a: Toxapex|Baneful Bunker|p2a: Toxapex","|-singleturn|p2a: Toxapex|move: Protect","|-curestatus|p1a: Centiskorch|slp|[msg]","|move|p1a: Centiskorch|Fire Lash|p2a: Toxapex","|-activate|p2a: Toxapex|move: Protect","|-status|p1a: Centiskorch|psn","|","|-damage|p1a: Centiskorch|250\/404 psn|[from] psn","|upkeep","|turn|14","|","|move|p1a: Centiskorch|Fire Lash|p2a: Toxapex","|-resisted|p2a: Toxapex","|-damage|p2a: Toxapex|143\/304","|move|p2a: Toxapex|Recover|p2a: Toxapex","|-heal|p2a: Toxapex|295\/304","|","|-heal|p2a: Toxapex|304\/304|[from] item: Black Sludge","|-damage|p1a: Centiskorch|200\/404 psn|[from] psn","|upkeep","|turn|15","|","|move|p1a: Centiskorch|Fire Lash|p2a: Toxapex","|-resisted|p2a: Toxapex","|-damage|p2a: Toxapex|132\/304","|move|p2a: Toxapex|Recover|p2a: Toxapex","|-heal|p2a: Toxapex|284\/304","|","|-heal|p2a: Toxapex|303\/304|[from] item: Black Sludge","|-damage|p1a: Centiskorch|150\/404 psn|[from] psn","|upkeep","|turn|16","|","|move|p1a: Centiskorch|Fire Lash|p2a: Toxapex","|-resisted|p2a: Toxapex","|-damage|p2a: Toxapex|133\/304","|move|p2a: Toxapex|Scald|p1a: Centiskorch","|-supereffective|p1a: Centiskorch","|-damage|p1a: Centiskorch|60\/404 psn","|","|-heal|p2a: Toxapex|152\/304|[from] item: Black Sludge","|-damage|p1a: Centiskorch|10\/404 psn|[from] psn","|upkeep","|turn|17","|","|switch|p2a: Dragapult|Dragapult, M|317\/317","|move|p1a: Centiskorch|Rest|p1a: Centiskorch","|-status|p1a: Centiskorch|slp|[from] move: Rest","|-heal|p1a: Centiskorch|404\/404 slp|[silent]","|","|upkeep","|turn|18","|","|-end|p1a: Centiskorch|ability: Flash Fire|[silent]","|switch|p1a: Hippowdon|Hippowdon, F|420\/420","|-status|p1a: Hippowdon|tox","|-weather|Sandstorm|[from] ability: Sand Stream|[of] p1a: Hippowdon","|move|p2a: Dragapult|Dragon Dance|p2a: Dragapult","|-boost|p2a: Dragapult|atk|1","|-boost|p2a: Dragapult|spe|1","|","|-weather|Sandstorm|[upkeep]","|-damage|p2a: Dragapult|298\/317|[from] Sandstorm","|-damage|p1a: Hippowdon|394\/420 tox|[from] psn","|upkeep","|turn|19","|","|move|p2a: Dragapult|Dragon Darts|p1a: Hippowdon","|-damage|p1a: Hippowdon|260\/420 tox","|-damage|p1a: Hippowdon|120\/420 tox","|-hitcount|p1a: Hippowdon|2","|-damage|p2a: Dragapult|267\/317|[from] item: Life Orb","|move|p1a: Hippowdon|Whirlwind|p2a: Dragapult","|drag|p2a: Frosmoth|Frosmoth, F|281\/281","|","|-weather|Sandstorm|[upkeep]","|-damage|p2a: Frosmoth|264\/281|[from] Sandstorm","|-heal|p1a: Hippowdon|146\/420 tox|[from] item: Leftovers","|-damage|p1a: Hippowdon|94\/420 tox|[from] psn","|upkeep","|turn|20","|","|move|p2a: Frosmoth|Ice Beam|p1a: Hippowdon","|-supereffective|p1a: Hippowdon","|-crit|p1a: Hippowdon","|-damage|p1a: Hippowdon|0 fnt","|faint|p1a: Hippowdon","|","|-weather|Sandstorm|[upkeep]","|-damage|p2a: Frosmoth|247\/281|[from] Sandstorm","|upkeep","|","|switch|p1a: Centiskorch|Centiskorch, M|404\/404 slp","|turn|21","|","|switch|p2a: Toxapex|Toxapex, M|253\/304","|cant|p1a: Centiskorch|slp","|","|-weather|Sandstorm|[upkeep]","|-damage|p1a: Centiskorch|379\/404 slp|[from] Sandstorm","|-damage|p2a: Toxapex|234\/304|[from] Sandstorm","|-heal|p2a: Toxapex|253\/304|[from] item: Black Sludge","|upkeep","|turn|22","|","|switch|p1a: Ferrothorn|Ferrothorn, M|352\/352","|move|p2a: Toxapex|Scald|p1a: Ferrothorn","|-resisted|p1a: Ferrothorn","|-damage|p1a: Ferrothorn|328\/352","|-status|p1a: Ferrothorn|brn","|","|-weather|none","|-heal|p2a: Toxapex|272\/304|[from] item: Black Sludge","|-heal|p1a: Ferrothorn|350\/352 brn|[from] item: Leftovers","|-damage|p1a: Ferrothorn|328\/352 brn|[from] brn","|upkeep","|turn|23","|","|switch|p2a: Ferrothorn|Ferrothorn, M|352\/352","|move|p1a: Ferrothorn|Spikes|p2a: Ferrothorn","|-sidestart7678|Spikes","|","|-heal|p1a: Ferrothorn|350\/352 brn|[from] item: Leftovers","|-damage|p1a: Ferrothorn|328\/352 brn|[from] brn","|upkeep","|turn|24","|","|move|p1a: Ferrothorn|Spikes|p2a: Ferrothorn","|-sidestart7678|Spikes","|move|p2a: Ferrothorn|Stealth Rock|p1a: Ferrothorn","|-sidestart26136|move: Stealth Rock","|","|-heal|p1a: Ferrothorn|350\/352 brn|[from] item: Leftovers","|-damage|p1a: Ferrothorn|328\/352 brn|[from] brn","|upkeep","|turn|25","|","|move|p1a: Ferrothorn|Spikes|p2a: Ferrothorn","|-sidestart7678|Spikes","|move|p2a: Ferrothorn|Spikes|p1a: Ferrothorn","|-sidestart26136|Spikes","|","|-heal|p1a: Ferrothorn|350\/352 brn|[from] item: Leftovers","|-damage|p1a: Ferrothorn|328\/352 brn|[from] brn","|upkeep","|turn|26","|","|move|p1a: Ferrothorn|Spikes||[still]","|-fail|p1a: Ferrothorn","|move|p2a: Ferrothorn|Spikes|p1a: Ferrothorn","|-sidestart26136|Spikes","|","|-heal|p1a: Ferrothorn|350\/352 brn|[from] item: Leftovers","|-damage|p1a: Ferrothorn|328\/352 brn|[from] brn","|upkeep","|turn|27","|","|move|p1a: Ferrothorn|Spikes||[still]","|-fail|p1a: Ferrothorn","|move|p2a: Ferrothorn|Spikes|p1a: Ferrothorn","|-sidestart26136|Spikes","|","|-heal|p1a: Ferrothorn|350\/352 brn|[from] item: Leftovers","|-damage|p1a: Ferrothorn|328\/352 brn|[from] brn","|upkeep","|turn|28","|","|move|p1a: Ferrothorn|Leech Seed|p2a: Ferrothorn","|-immune|p2a: Ferrothorn","|move|p2a: Ferrothorn|Spikes||[still]","|-fail|p2a: Ferrothorn","|","|-heal|p1a: Ferrothorn|350\/352 brn|[from] item: Leftovers","|-damage|p1a: Ferrothorn|328\/352 brn|[from] brn","|upkeep","|turn|29","|","|move|p1a: Ferrothorn|Leech Seed|p2a: Ferrothorn","|-immune|p2a: Ferrothorn","|move|p2a: Ferrothorn|Spikes||[still]","|-fail|p2a: Ferrothorn","|","|-heal|p1a: Ferrothorn|350\/352 brn|[from] item: Leftovers","|-damage|p1a: Ferrothorn|328\/352 brn|[from] brn","|upkeep","|turn|30","|","|move|p1a: Ferrothorn|Leech Seed|p2a: Ferrothorn","|-immune|p2a: Ferrothorn","|move|p2a: Ferrothorn|Spikes||[still]","|-fail|p2a: Ferrothorn","|","|-heal|p1a: Ferrothorn|350\/352 brn|[from] item: Leftovers","|-damage|p1a: Ferrothorn|328\/352 brn|[from] brn","|upkeep","|turn|31","|","|move|p1a: Ferrothorn|Leech Seed|p2a: Ferrothorn","|-immune|p2a: Ferrothorn","|move|p2a: Ferrothorn|Spikes||[still]","|-fail|p2a: Ferrothorn","|","|-heal|p1a: Ferrothorn|350\/352 brn|[from] item: Leftovers","|-damage|p1a: Ferrothorn|328\/352 brn|[from] brn","|upkeep","|turn|32","|","|move|p1a: Ferrothorn|Leech Seed|p2a: Ferrothorn","|-immune|p2a: Ferrothorn","|move|p2a: Ferrothorn|Spikes||[still]","|-fail|p2a: Ferrothorn","|","|-heal|p1a: Ferrothorn|350\/352 brn|[from] item: Leftovers","|-damage|p1a: Ferrothorn|328\/352 brn|[from] brn","|upkeep","|turn|33","|","|move|p1a: Ferrothorn|Leech Seed|p2a: Ferrothorn","|-immune|p2a: Ferrothorn","|move|p2a: Ferrothorn|Spikes||[still]","|-fail|p2a: Ferrothorn","|","|-heal|p1a: Ferrothorn|350\/352 brn|[from] item: Leftovers","|-damage|p1a: Ferrothorn|328\/352 brn|[from] brn","|upkeep","|turn|34","|","|switch|p2a: Goodra|Goodra, F|383\/383","|-damage|p2a: Goodra|288\/383|[from] Spikes","|move|p1a: Ferrothorn|Leech Seed|p2a: Goodra","|-ability|p2a: Goodra|Sap Sipper|boost","|-boost|p2a: Goodra|atk|1","|","|-heal|p1a: Ferrothorn|350\/352 brn|[from] item: Leftovers","|-damage|p1a: Ferrothorn|328\/352 brn|[from] brn","|upkeep","|turn|35","|","|move|p1a: Ferrothorn|Protect|p1a: Ferrothorn","|-singleturn|p1a: Ferrothorn|Protect","|move|p2a: Goodra|Flamethrower|p1a: Ferrothorn","|-activate|p1a: Ferrothorn|move: Protect","|","|-heal|p1a: Ferrothorn|350\/352 brn|[from] item: Leftovers","|-damage|p1a: Ferrothorn|328\/352 brn|[from] brn","|upkeep","|turn|36","|","|switch|p1a: Centiskorch|Centiskorch, M|379\/404 slp","|move|p2a: Goodra|Sludge Bomb|p1a: Centiskorch","|-damage|p1a: Centiskorch|311\/404 slp","|","|upkeep","|turn|37","|","|move|p2a: Goodra|Sludge Bomb|p1a: Centiskorch","|-damage|p1a: Centiskorch|240\/404 slp","|cant|p1a: Centiskorch|slp","|","|upkeep","|turn|38","|","|move|p2a: Goodra|Sludge Bomb|p1a: Centiskorch","|-damage|p1a: Centiskorch|169\/404 slp","|-curestatus|p1a: Centiskorch|slp|[msg]","|move|p1a: Centiskorch|Rest|p1a: Centiskorch","|-status|p1a: Centiskorch|slp|[from] move: Rest","|-heal|p1a: Centiskorch|404\/404 slp|[silent]","|","|upkeep","|turn|39","|","|switch|p2a: Excadrill|Excadrill, F|361\/361","|-damage|p2a: Excadrill|271\/361|[from] Spikes","|-ability|p2a: Excadrill|Mold Breaker","|cant|p1a: Centiskorch|slp","|","|upkeep","|turn|40","|","|switch|p1a: Dragapult|Dragapult, F|317\/317","|-damage|p1a: Dragapult|238\/317|[from] Spikes","|-damage|p1a: Dragapult|199\/317|[from] Stealth Rock","|-status|p1a: Dragapult|tox","|move|p2a: Excadrill|Rapid Spin|p1a: Dragapult","|-immune|p1a: Dragapult","|","|-damage|p1a: Dragapult|180\/317 tox|[from] psn","|upkeep","|turn|41","|","|switch|p2a: Goodra|Goodra, F|288\/383","|-damage|p2a: Goodra|193\/383|[from] Spikes","|move|p1a: Dragapult|Shadow Ball|p2a: Goodra","|-damage|p2a: Goodra|129\/383","|","|-damage|p1a: Dragapult|142\/317 tox|[from] psn","|upkeep","|turn|42","|","|move|p1a: Dragapult|Shadow Ball|p2a: Goodra","|-damage|p2a: Goodra|71\/383","|move|p2a: Goodra|Ice Beam|p1a: Dragapult","|-supereffective|p1a: Dragapult","|-damage|p1a: Dragapult|0 fnt","|faint|p1a: Dragapult","|","|upkeep","|","|switch|p1a: Centiskorch|Centiskorch, M|404\/404 slp","|turn|43","|","|move|p2a: Goodra|Sludge Bomb|p1a: Centiskorch","|-damage|p1a: Centiskorch|334\/404 slp","|cant|p1a: Centiskorch|slp","|","|upkeep","|turn|44","|","|move|p2a: Goodra|Sludge Bomb|p1a: Centiskorch","|-damage|p1a: Centiskorch|273\/404 slp","|-curestatus|p1a: Centiskorch|slp|[msg]","|move|p1a: Centiskorch|Fire Lash|p2a: Goodra","|-resisted|p2a: Goodra","|-damage|p2a: Goodra|0 fnt","|faint|p2a: Goodra","|","|upkeep","|","|switch|p2a: Toxapex|Toxapex, M|304\/304","|-damage|p2a: Toxapex|228\/304|[from] Spikes","|turn|45","|","|move|p2a: Toxapex|Baneful Bunker|p2a: Toxapex","|-singleturn|p2a: Toxapex|move: Protect","|move|p1a: Centiskorch|Fire Lash|p2a: Toxapex","|-activate|p2a: Toxapex|move: Protect","|-status|p1a: Centiskorch|psn","|","|-heal|p2a: Toxapex|247\/304|[from] item: Black Sludge","|-damage|p1a: Centiskorch|223\/404 psn|[from] psn","|upkeep","|turn|46","|","|move|p1a: Centiskorch|Fire Lash|p2a: Toxapex","|-resisted|p2a: Toxapex","|-damage|p2a: Toxapex|217\/304","|-unboost|p2a: Toxapex|def|1","|move|p2a: Toxapex|Scald|p1a: Centiskorch","|-supereffective|p1a: Centiskorch","|-damage|p1a: Centiskorch|133\/404 psn","|","|-heal|p2a: Toxapex|236\/304|[from] item: Black Sludge","|-damage|p1a: Centiskorch|83\/404 psn|[from] psn","|upkeep","|turn|47","|","|move|p1a: Centiskorch|Fire Lash|p2a: Toxapex","|-resisted|p2a: Toxapex","|-damage|p2a: Toxapex|197\/304","|-unboost|p2a: Toxapex|def|1","|move|p2a: Toxapex|Scald|p1a: Centiskorch","|-supereffective|p1a: Centiskorch","|-damage|p1a: Centiskorch|0 fnt","|faint|p1a: Centiskorch","|","|-heal|p2a: Toxapex|216\/304|[from] item: Black Sludge","|upkeep","|","|switch|p1a: Rotom|Rotom-Wash|303\/303","|-damage|p1a: Rotom|266\/303|[from] Stealth Rock","|turn|48","|","|move|p2a: Toxapex|Baneful Bunker|p2a: Toxapex","|-singleturn|p2a: Toxapex|move: Protect","|move|p1a: Rotom|Nasty Plot|p1a: Rotom","|-boost|p1a: Rotom|spa|2","|","|-heal|p2a: Toxapex|235\/304|[from] item: Black Sludge","|upkeep","|turn|49","|","|switch|p2a: Ferrothorn|Ferrothorn, M|352\/352","|-damage|p2a: Ferrothorn|264\/352|[from] Spikes","|move|p1a: Rotom|Hydro Pump|p2a: Ferrothorn","|-resisted|p2a: Ferrothorn","|-damage|p2a: Ferrothorn|157\/352","|","|upkeep","|turn|50","|","|move|p1a: Rotom|Discharge|p2a: Ferrothorn","|-resisted|p2a: Ferrothorn","|-damage|p2a: Ferrothorn|90\/352","|move|p2a: Ferrothorn|Leech Seed|p1a: Rotom","|-start|p1a: Rotom|move: Leech Seed","|","|-damage|p1a: Rotom|229\/303|[from] Leech Seed|[of] p2a: Ferrothorn","|-heal|p2a: Ferrothorn|127\/352|[silent]","|upkeep","|turn|51","|","|switch|p1a: Ferrothorn|Ferrothorn, M|328\/352 brn","|-damage|p1a: Ferrothorn|306\/352 brn|[from] Stealth Rock","|-damage|p1a: Ferrothorn|218\/352 brn|[from] Spikes","|move|p2a: Ferrothorn|Gyro Ball|p1a: Ferrothorn","|-resisted|p1a: Ferrothorn","|-damage|p1a: Ferrothorn|202\/352 brn","|-damage|p2a: Ferrothorn|83\/352|[from] ability: Iron Barbs|[of] p1a: Ferrothorn","|","|-heal|p1a: Ferrothorn|224\/352 brn|[from] item: Leftovers","|-damage|p1a: Ferrothorn|202\/352 brn|[from] brn","|upkeep","|turn|52","|","|switch|p2a: Excadrill|Excadrill, F|271\/361","|-damage|p2a: Excadrill|181\/361|[from] Spikes","|-ability|p2a: Excadrill|Mold Breaker","|move|p1a: Ferrothorn|Leech Seed|p2a: Excadrill","|-start|p2a: Excadrill|move: Leech Seed","|","|-heal|p1a: Ferrothorn|224\/352 brn|[from] item: Leftovers","|-damage|p2a: Excadrill|136\/361|[from] Leech Seed|[of] p1a: Ferrothorn","|-heal|p1a: Ferrothorn|269\/352 brn|[silent]","|-damage|p1a: Ferrothorn|247\/352 brn|[from] brn","|upkeep","|turn|53","|","|move|p1a: Ferrothorn|Protect|p1a: Ferrothorn","|-singleturn|p1a: Ferrothorn|Protect","|move|p2a: Excadrill|Rapid Spin|p1a: Ferrothorn","|-activate|p1a: Ferrothorn|move: Protect","|","|-heal|p1a: Ferrothorn|269\/352 brn|[from] item: Leftovers","|-damage|p2a: Excadrill|91\/361|[from] Leech Seed|[of] p1a: Ferrothorn","|-heal|p1a: Ferrothorn|314\/352 brn|[silent]","|-damage|p1a: Ferrothorn|292\/352 brn|[from] brn","|upkeep","|turn|54","|","|move|p2a: Excadrill|Rapid Spin|p1a: Ferrothorn","|-resisted|p1a: Ferrothorn","|-damage|p1a: Ferrothorn|267\/352 brn","|-damage|p2a: Excadrill|46\/361|[from] ability: Iron Barbs|[of] p1a: Ferrothorn","|-end|p2a: Excadrill|Leech Seed|[from] move: Rapid Spin|[of] p2a: Excadrill","|-sideend7678|Spikes|[from] move: Rapid Spin|[of] p2a: Excadrill","|-boost|p2a: Excadrill|spe|1","|-damage|p2a: Excadrill|10\/361|[from] item: Life Orb","|move|p1a: Ferrothorn|Spikes|p2a: Excadrill","|-sidestart7678|Spikes","|","|-heal|p1a: Ferrothorn|289\/352 brn|[from] item: Leftovers","|-damage|p1a: Ferrothorn|267\/352 brn|[from] brn","|upkeep","|turn|55","|","|move|p2a: Excadrill|Swords Dance|p2a: Excadrill","|-boost|p2a: Excadrill|atk|2","|move|p1a: Ferrothorn|Power Whip|p2a: Excadrill","|-damage|p2a: Excadrill|0 fnt","|faint|p2a: Excadrill","|","|-heal|p1a: Ferrothorn|289\/352 brn|[from] item: Leftovers","|-damage|p1a: Ferrothorn|267\/352 brn|[from] brn","|upkeep","|","|switch|p2a: Dragapult|Dragapult, M|267\/317","|-damage|p2a: Dragapult|228\/317|[from] Spikes","|turn|56","|","|move|p2a: Dragapult|Dragon Darts|p1a: Ferrothorn","|-resisted|p1a: Ferrothorn","|-damage|p1a: Ferrothorn|225\/352 brn","|-resisted|p1a: Ferrothorn","|-damage|p1a: Ferrothorn|186\/352 brn","|-hitcount|p1a: Ferrothorn|2","|-damage|p2a: Dragapult|197\/317|[from] item: Life Orb","|move|p1a: Ferrothorn|Leech Seed|p2a: Dragapult","|-start|p2a: Dragapult|move: Leech Seed","|","|-heal|p1a: Ferrothorn|208\/352 brn|[from] item: Leftovers","|-damage|p2a: Dragapult|158\/317|[from] Leech Seed|[of] p1a: Ferrothorn","|-heal|p1a: Ferrothorn|247\/352 brn|[silent]","|-damage|p1a: Ferrothorn|225\/352 brn|[from] brn","|upkeep","|turn|57","|","|move|p2a: Dragapult|Phantom Force||[still]","|-prepare|p2a: Dragapult|Phantom Force|p1a: Ferrothorn","|move|p1a: Ferrothorn|Spikes|p2a: Dragapult","|-sidestart7678|Spikes","|","|-heal|p1a: Ferrothorn|247\/352 brn|[from] item: Leftovers","|-damage|p2a: Dragapult|119\/317|[from] Leech Seed|[of] p1a: Ferrothorn","|-heal|p1a: Ferrothorn|286\/352 brn|[silent]","|-damage|p1a: Ferrothorn|264\/352 brn|[from] brn","|upkeep","|turn|58","|","|move|p2a: Dragapult|Phantom Force|p1a: Ferrothorn|[from]lockedmove","|-damage|p1a: Ferrothorn|128\/352 brn","|-damage|p2a: Dragapult|80\/317|[from] ability: Iron Barbs|[of] p1a: Ferrothorn","|-damage|p2a: Dragapult|49\/317|[from] item: Life Orb","|move|p1a: Ferrothorn|Spikes|p2a: Dragapult","|-sidestart7678|Spikes","|","|-heal|p1a: Ferrothorn|150\/352 brn|[from] item: Leftovers","|-damage|p2a: Dragapult|10\/317|[from] Leech Seed|[of] p1a: Ferrothorn","|-heal|p1a: Ferrothorn|189\/352 brn|[silent]","|-damage|p1a: Ferrothorn|167\/352 brn|[from] brn","|upkeep","|turn|59","|","|move|p1a: Ferrothorn|Protect|p1a: Ferrothorn","|-singleturn|p1a: Ferrothorn|Protect","|move|p2a: Dragapult|Phantom Force||[still]","|-prepare|p2a: Dragapult|Phantom Force|p1a: Ferrothorn","|","|-heal|p1a: Ferrothorn|189\/352 brn|[from] item: Leftovers","|-damage|p2a: Dragapult|0 fnt|[from] Leech Seed|[of] p1a: Ferrothorn","|-heal|p1a: Ferrothorn|199\/352 brn|[silent]","|faint|p2a: Dragapult","|-damage|p1a: Ferrothorn|177\/352 brn|[from] brn","|upkeep","|","|switch|p2a: Frosmoth|Frosmoth, F|247\/281","|turn|60","|","|move|p2a: Frosmoth|Quiver Dance|p2a: Frosmoth","|-boost|p2a: Frosmoth|spa|1","|-boost|p2a: Frosmoth|spd|1","|-boost|p2a: Frosmoth|spe|1","|move|p1a: Ferrothorn|Leech Seed|p2a: Frosmoth","|-start|p2a: Frosmoth|move: Leech Seed","|","|-heal|p1a: Ferrothorn|199\/352 brn|[from] item: Leftovers","|-damage|p2a: Frosmoth|212\/281|[from] Leech Seed|[of] p1a: Ferrothorn","|-heal|p1a: Ferrothorn|234\/352 brn|[silent]","|-damage|p1a: Ferrothorn|212\/352 brn|[from] brn","|upkeep","|turn|61","|","|move|p2a: Frosmoth|Bug Buzz|p1a: Ferrothorn","|-damage|p1a: Ferrothorn|17\/352 brn","|move|p1a: Ferrothorn|Power Whip|p2a: Frosmoth","|-resisted|p2a: Frosmoth","|-damage|p2a: Frosmoth|159\/281","|","|-heal|p1a: Ferrothorn|39\/352 brn|[from] item: Leftovers","|-damage|p2a: Frosmoth|124\/281|[from] Leech Seed|[of] p1a: Ferrothorn","|-heal|p1a: Ferrothorn|74\/352 brn|[silent]","|-damage|p1a: Ferrothorn|52\/352 brn|[from] brn","|upkeep","|turn|62","|","|move|p2a: Frosmoth|Bug Buzz|p1a: Ferrothorn","|-damage|p1a: Ferrothorn|0 fnt","|faint|p1a: Ferrothorn","|","|upkeep","|","|switch|p1a: Rotom|Rotom-Wash|229\/303","|-damage|p1a: Rotom|192\/303|[from] Stealth Rock","|turn|63","|","|move|p2a: Frosmoth|Giga Drain|p1a: Rotom","|-supereffective|p1a: Rotom","|-damage|p1a: Rotom|0 fnt","|-heal|p2a: Frosmoth|220\/281|[from] drain|[of] p1a: Rotom","|faint|p1a: Rotom","|","|upkeep","|","|switch|p1a: Bewear|Bewear, F|381\/381","|-status|p1a: Bewear|tox","|-damage|p1a: Bewear|286\/381 tox|[from] Spikes","|-damage|p1a: Bewear|263\/381 tox|[from] Stealth Rock","|turn|64","|","|move|p2a: Frosmoth|Ice Beam|p1a: Bewear","|-damage|p1a: Bewear|0 fnt","|faint|p1a: Bewear","|","|win|7678","|l|\u203d26136","|raw|26136's rating: 1332 &rarr; <strong>1311<\/strong><br \/>(-21 for losing)","|raw|7678's rating: 1324 &rarr; <strong>1345<\/strong><br \/>(+21 for winning)",""],"p1":"26136","p1rating":1312,"p1team":[{"ability":"fluffy","evs":{"atk":252,"def":0,"hp":0,"spa":0,"spd":4,"spe":252},"happiness":160,"item":"choiceband","ivs":{"atk":31,"def":31,"hp":31,"spa":31,"spd":31,"spe":31},"level":100,"moves":["closecombat","drainpunch","earthquake","darkestlariat"],"name":"Bewear","nature":"","species":"Bewear"},{"ability":"sandstream","evs":{"atk":8,"def":72,"hp":252,"spa":0,"spd":176,"spe":0},"happiness":160,"item":"leftovers","ivs":{"atk":31,"def":31,"hp":31,"spa":31,"spd":31,"spe":31},"level":100,"moves":["earthquake","slackoff","stealthrock","whirlwind"],"name":"Hippowdon","nature":"","species":"Hippowdon"},{"ability":"ironbarbs","evs":{"atk":0,"def":248,"hp":252,"spa":0,"spd":8,"spe":0},"happiness":160,"item":"leftovers","ivs":{"atk":31,"def":31,"hp":31,"spa":31,"spd":31,"spe":31},"level":100,"moves":["powerwhip","spikes","protect","leechseed"],"name":"Ferrothorn","nature":"","species":"Ferrothorn"},{"ability":"infiltrator","evs":{"atk":0,"def":0,"hp":0,"spa":252,"spd":4,"spe":252},"happiness":160,"item":"choicespecs","ivs":{"atk":31,"def":31,"hp":31,"spa":31,"spd":31,"spe":31},"level":100,"moves":["shadowball","dracometeor","uturn","fireblast"],"name":"Dragapult","nature":"","species":"Dragapult"},{"ability":"flashfire","evs":{"atk":0,"def":0,"hp":252,"spa":0,"spd":236,"spe":20},"happiness":160,"item":"heavydutyboots","ivs":{"atk":31,"def":31,"hp":31,"spa":31,"spd":31,"spe":31},"level":100,"moves":["firelash","knockoff","rest","sleeptalk"],"name":"Centiskorch","nature":"","species":"Centiskorch"},{"ability":"levitate","evs":{"atk":0,"def":0,"hp":248,"spa":44,"spd":0,"spe":216},"gender":"N","happiness":160,"item":"iapapaberry","ivs":{"atk":31,"def":31,"hp":31,"spa":31,"spd":31,"spe":31},"level":100,"moves":["discharge","hydropump","darkpulse","nastyplot"],"name":"Rotom","nature":"","species":"rotomwash"}],"p2":"7678","p2rating":1303,"p2team":[{"ability":"regenerator","evs":{"atk":0,"def":252,"hp":252,"spa":0,"spd":4,"spe":0},"happiness":160,"item":"blacksludge","ivs":{"atk":0,"def":31,"hp":31,"spa":31,"spd":31,"spe":31},"level":100,"moves":["recover","banefulbunker","toxicspikes","scald"],"name":"Toxapex","nature":"Bold","species":"Toxapex"},{"ability":"sapsipper","evs":{"atk":0,"def":0,"hp":248,"spa":8,"spd":252,"spe":0},"happiness":160,"item":"assaultvest","ivs":{"atk":0,"def":31,"hp":31,"spa":31,"spd":31,"spe":31},"level":100,"moves":["flamethrower","thunderbolt","icebeam","sludgebomb"],"name":"Goodra","nature":"Calm","species":"Goodra"},{"ability":"moldbreaker","evs":{"atk":252,"def":0,"hp":0,"spa":0,"spd":4,"spe":252},"happiness":160,"item":"lifeorb","ivs":{"atk":31,"def":31,"hp":31,"spa":31,"spd":31,"spe":31},"level":100,"moves":["rapidspin","earthquake","ironhead","swordsdance"],"name":"Excadrill","nature":"Jolly","species":"Excadrill"},{"ability":"icescales","evs":{"atk":0,"def":0,"hp":0,"spa":252,"spd":4,"spe":252},"happiness":160,"item":"heavydutyboots","ivs":{"atk":0,"def":31,"hp":31,"spa":31,"spd":31,"spe":31},"level":100,"moves":["quiverdance","bugbuzz","icebeam","gigadrain"],"name":"Frosmoth","nature":"Timid","species":"Frosmoth"},{"ability":"infiltrator","evs":{"atk":252,"def":0,"hp":0,"spa":0,"spd":4,"spe":252},"happiness":160,"item":"lifeorb","ivs":{"atk":31,"def":31,"hp":31,"spa":31,"spd":31,"spe":31},"level":100,"moves":["dragondance","dragondarts","phantomforce","steelwing"],"name":"Dragapult","nature":"Adamant","species":"Dragapult"},{"ability":"ironbarbs","evs":{"atk":0,"def":0,"hp":252,"spa":0,"spd":252,"spe":0},"happiness":160,"item":"rockyhelmet","ivs":{"atk":31,"def":31,"hp":31,"spa":31,"spd":31,"spe":0},"level":100,"moves":["stealthrock","leechseed","gyroball","spikes"],"name":"Ferrothorn","nature":"Relaxed","species":"Ferrothorn"}],"roomid":1020045,"score":[0,3],"seed":[62831,36164,57254,50870],"timestamp":"Sat Dec 28 2019 23:XX","turns":64,"winner":"7678","rated_battle":true,"average_rating":1307}