{"endType":"forfeit","format":"gen8ou","inputLog":[">version aa9f8c6b9cf4eca780a1296832ecd3b0009641e0",">version-origin 5e8529faaa5905c5f8e15eafaaefa806ee8c7d06",">start {\"formatid\":\"gen8ou\",\"seed\":[64453,20065,43918,56685],\"rated\":\"Rated battle\"}",">player p1 {\"\"name\":\"9415\",\"rating\":1268}",">player p2 {\"\"name\":\"31534\",\"rating\":1317}",">p1 team 3, 2, 1, 4, 5, 6",">p2 team 1, 2, 3, 4, 5, 6",">p1 move substitute",">p2 move uturn",">p2 switch 5",">p1 move focuspunch",">p2 move voltswitch",">p2 switch 6",">p1 switch 3",">p2 switch 4",">p1 switch 2",">p2 move powerwhip",">p1 move stickyweb",">p2 move stealthrock",">p1 move gigadrain",">p2 move earthpower",">p2 switch 2",">p1 move gigadrain",">p2 move rapidspin",">p1 switch 3",">p2 move rockslide",">p1 move substitute",">p2 switch 6",">p1 move focuspunch",">p2 move voltswitch",">p2 switch 4",">p2 switch 3",">p1 move substitute",">p2 switch 4",">p1 move focuspunch",">p2 move voltswitch",">p2 switch 5",">p1 switch 2",">p2 move uturn",">p2 switch 5",">p1 switch 3",">p2 move trick",">p1 move gigadrain",">p2 move voltswitch",">p2 switch 5",">p1 move gigadrain",">p2 switch 5",">p2 switch 4",">p1 move gigadrain",">p2 move earthquake",">p1 switch 2",">p1 switch 4",">p2 move earthquake",">p1 move protect",">p2 move stoneedge",">p1 switch 3",">p2 move stoneedge",">p1 move earthpower",">p2 move crunch",">p1 move earthpower",">p2 move crunch",">p1 switch 5",">p1 move earthquake",">p2 move earthquake",">p2 switch 5",">p1 move suckerpunch",">p2 move pyroball"],"ladderError":true,"log":["|j|\u26069415","|j|\u260631534","|player|p1|9415|101|1268","|player|p2|31534|265|1317","|teamsize|p1|6","|teamsize|p2|6","|gametype|singles","|gen|8","|tier|[Gen 8] OU","|rated|","|rule|Sleep Clause Mod: Limit one foe put to sleep","|rule|Species Clause: Limit one of each Pok\u00e9mon","|rule|OHKO Clause: OHKO moves are banned","|rule|Evasion Moves Clause: Evasion moves are banned","|rule|Endless Battle Clause: Forcing endless battles is banned","|rule|HP Percentage Mod: HP is shown in percentages","|clearpoke","|poke|p1|Gastrodon-East, F|","|poke|p1|Galvantula, F|","|poke|p1|Scrafty, M|","|poke|p1|Togekiss, M|","|poke|p1|Dugtrio, M|","|poke|p1|Cloyster, M|","|poke|p2|Cinderace, M|","|poke|p2|Excadrill, F|","|poke|p2|Tyranitar, F|","|poke|p2|Seismitoad, F|","|poke|p2|Rotom-Wash|","|poke|p2|Dracovish|","|rule|Dynamax Clause: You cannot dynamax","|teampreview","|","|start","|switch|p1a: Scrafty|Scrafty, M|300\/300","|switch|p2a: Cinderace|Cinderace, M|301\/301","|-ability|p1a: Scrafty|Intimidate|boost","|-unboost|p2a: Cinderace|atk|1","|turn|1","|","|move|p2a: Cinderace|U-turn|p1a: Scrafty","|-damage|p1a: Scrafty|259\/300","|","|switch|p2a: Rotom|Rotom-Wash|241\/241","|move|p1a: Scrafty|Substitute|p1a: Scrafty","|-start|p1a: Scrafty|Substitute","|-damage|p1a: Scrafty|184\/300","|","|-heal|p1a: Scrafty|202\/300|[from] item: Leftovers","|upkeep","|turn|2","|","|-singleturn|p1a: Scrafty|move: Focus Punch","|move|p2a: Rotom|Volt Switch|p1a: Scrafty","|-end|p1a: Scrafty|Substitute","|","|switch|p2a: Dracovish|Dracovish|321\/321","|move|p1a: Scrafty|Focus Punch|p2a: Dracovish","|-damage|p2a: Dracovish|134\/321","|","|-heal|p1a: Scrafty|220\/300|[from] item: Leftovers","|upkeep","|turn|3","|","|switch|p2a: Seismitoad|Seismitoad, F|414\/414","|switch|p1a: Gastrodon|Gastrodon-East, F|400\/400","|","|upkeep","|turn|4","|","|switch|p1a: Galvantula|Galvantula, F, shiny|282\/282","|move|p2a: Seismitoad|Power Whip|p1a: Galvantula","|-resisted|p1a: Galvantula","|-damage|p1a: Galvantula|220\/282","|","|upkeep","|turn|5","|","|move|p1a: Galvantula|Sticky Web|p2a: Seismitoad","|-sidestart31534|move: Sticky Web","|move|p2a: Seismitoad|Stealth Rock|p1a: Galvantula","|-sidestart9415|move: Stealth Rock","|","|upkeep","|turn|6","|","|move|p1a: Galvantula|Giga Drain|p2a: Seismitoad","|-supereffective|p2a: Seismitoad","|-damage|p2a: Seismitoad|0 fnt","|-heal|p1a: Galvantula|282\/282|[from] drain|[of] p2a: Seismitoad","|-damage|p1a: Galvantula|254\/282|[from] item: Life Orb","|faint|p2a: Seismitoad","|","|upkeep","|","|switch|p2a: Excadrill|Excadrill, F|361\/361","|-item|p2a: Excadrill|Air Balloon","|turn|7","|","|move|p1a: Galvantula|Giga Drain|p2a: Excadrill","|-damage|p2a: Excadrill|225\/361","|-heal|p1a: Galvantula|282\/282|[from] drain|[of] p2a: Excadrill","|-enditem|p2a: Excadrill|Air Balloon","|-damage|p1a: Galvantula|254\/282|[from] item: Life Orb","|move|p2a: Excadrill|Rapid Spin|p1a: Galvantula","|-damage|p1a: Galvantula|148\/282","|-sideend31534|Sticky Web|[from] move: Rapid Spin|[of] p2a: Excadrill","|-boost|p2a: Excadrill|spe|1","|","|upkeep","|turn|8","|","|switch|p1a: Scrafty|Scrafty, M|220\/300","|-damage|p1a: Scrafty|202\/300|[from] Stealth Rock","|-ability|p1a: Scrafty|Intimidate|boost","|-unboost|p2a: Excadrill|atk|1","|move|p2a: Excadrill|Rock Slide|p1a: Scrafty","|-resisted|p1a: Scrafty","|-damage|p1a: Scrafty|178\/300","|","|-heal|p1a: Scrafty|196\/300|[from] item: Leftovers","|upkeep","|turn|9","|","|switch|p2a: Rotom|Rotom-Wash|241\/241","|move|p1a: Scrafty|Substitute|p1a: Scrafty","|-start|p1a: Scrafty|Substitute","|-damage|p1a: Scrafty|121\/300","|","|-heal|p1a: Scrafty|139\/300|[from] item: Leftovers","|upkeep","|turn|10","|","|-singleturn|p1a: Scrafty|move: Focus Punch","|move|p2a: Rotom|Volt Switch|p1a: Scrafty","|-end|p1a: Scrafty|Substitute","|","|switch|p2a: Dracovish|Dracovish|134\/321","|move|p1a: Scrafty|Focus Punch|p2a: Dracovish","|-damage|p2a: Dracovish|0 fnt","|faint|p2a: Dracovish","|","|-heal|p1a: Scrafty|157\/300|[from] item: Leftovers","|upkeep","|","|switch|p2a: Tyranitar|Tyranitar, F|404\/404","|-weather|Sandstorm|[from] ability: Sand Stream|[of] p2a: Tyranitar","|turn|11","|","|switch|p2a: Rotom|Rotom-Wash|241\/241","|move|p1a: Scrafty|Substitute|p1a: Scrafty","|-start|p1a: Scrafty|Substitute","|-damage|p1a: Scrafty|82\/300","|","|-weather|Sandstorm|[upkeep]","|-damage|p2a: Rotom|226\/241|[from] Sandstorm","|-damage|p1a: Scrafty|64\/300|[from] Sandstorm","|-heal|p1a: Scrafty|82\/300|[from] item: Leftovers","|upkeep","|turn|12","|","|-singleturn|p1a: Scrafty|move: Focus Punch","|move|p2a: Rotom|Volt Switch|p1a: Scrafty","|-end|p1a: Scrafty|Substitute","|","|switch|p2a: Cinderace|Cinderace, M|301\/301","|move|p1a: Scrafty|Focus Punch|p2a: Cinderace","|-damage|p2a: Cinderace|43\/301","|","|-weather|Sandstorm|[upkeep]","|-damage|p2a: Cinderace|25\/301|[from] Sandstorm","|-damage|p1a: Scrafty|64\/300|[from] Sandstorm","|-heal|p1a: Scrafty|82\/300|[from] item: Leftovers","|upkeep","|turn|13","|","|switch|p1a: Gastrodon|Gastrodon-East, F|400\/400","|-damage|p1a: Gastrodon|375\/400|[from] Stealth Rock","|move|p2a: Cinderace|U-turn|p1a: Gastrodon","|-damage|p1a: Gastrodon|281\/400","|","|switch|p2a: Rotom|Rotom-Wash|226\/241","|","|-weather|Sandstorm|[upkeep]","|-damage|p2a: Rotom|211\/241|[from] Sandstorm","|upkeep","|turn|14","|","|switch|p1a: Galvantula|Galvantula, F, shiny|148\/282","|-damage|p1a: Galvantula|78\/282|[from] Stealth Rock","|move|p2a: Rotom|Trick|p1a: Galvantula","|-activate|p2a: Rotom|move: Trick|[of] p1a: Galvantula","|-item|p1a: Galvantula|Choice Scarf|[from] move: Trick","|-item|p2a: Rotom|Life Orb|[from] move: Trick","|","|-weather|Sandstorm|[upkeep]","|-damage|p1a: Galvantula|61\/282|[from] Sandstorm","|-damage|p2a: Rotom|196\/241|[from] Sandstorm","|upkeep","|turn|15","|","|move|p1a: Galvantula|Giga Drain|p2a: Rotom","|-supereffective|p2a: Rotom","|-damage|p2a: Rotom|66\/241","|-heal|p1a: Galvantula|126\/282|[from] drain|[of] p2a: Rotom","|move|p2a: Rotom|Volt Switch|p1a: Galvantula","|-resisted|p1a: Galvantula","|-damage|p1a: Galvantula|12\/282","|-damage|p2a: Rotom|42\/241|[from] item: Life Orb","|","|switch|p2a: Cinderace|Cinderace, M|25\/301","|","|-weather|none","|upkeep","|turn|16","|","|switch|p2a: Rotom|Rotom-Wash|42\/241","|move|p1a: Galvantula|Giga Drain|p2a: Rotom","|-supereffective|p2a: Rotom","|-damage|p2a: Rotom|0 fnt","|-heal|p1a: Galvantula|33\/282|[from] drain|[of] p2a: Rotom","|faint|p2a: Rotom","|","|upkeep","|","|switch|p2a: Tyranitar|Tyranitar, F|404\/404","|-weather|Sandstorm|[from] ability: Sand Stream|[of] p2a: Tyranitar","|turn|17","|","|move|p1a: Galvantula|Giga Drain|p2a: Tyranitar","|-supereffective|p2a: Tyranitar","|-damage|p2a: Tyranitar|334\/404","|-heal|p1a: Galvantula|68\/282|[from] drain|[of] p2a: Tyranitar","|move|p2a: Tyranitar|Earthquake|p1a: Galvantula","|-damage|p1a: Galvantula|0 fnt","|faint|p1a: Galvantula","|","|-weather|Sandstorm|[upkeep]","|upkeep","|","|switch|p1a: Scrafty|Scrafty, M|82\/300","|-damage|p1a: Scrafty|64\/300|[from] Stealth Rock","|-ability|p1a: Scrafty|Intimidate|boost","|-unboost|p2a: Tyranitar|atk|1","|turn|18","|","|switch|p1a: Togekiss|Togekiss, M|330\/330","|-damage|p1a: Togekiss|248\/330|[from] Stealth Rock","|move|p2a: Tyranitar|Earthquake|p1a: Togekiss","|-immune|p1a: Togekiss","|","|-weather|Sandstorm|[upkeep]","|-damage|p1a: Togekiss|228\/330|[from] Sandstorm","|-heal|p1a: Togekiss|248\/330|[from] item: Leftovers","|upkeep","|turn|19","|","|move|p1a: Togekiss|Protect|p1a: Togekiss","|-singleturn|p1a: Togekiss|Protect","|move|p2a: Tyranitar|Stone Edge|p1a: Togekiss","|-activate|p1a: Togekiss|move: Protect","|","|-weather|Sandstorm|[upkeep]","|-damage|p1a: Togekiss|228\/330|[from] Sandstorm","|-heal|p1a: Togekiss|248\/330|[from] item: Leftovers","|upkeep","|turn|20","|","|switch|p1a: Gastrodon|Gastrodon-East, F|281\/400","|-damage|p1a: Gastrodon|256\/400|[from] Stealth Rock","|move|p2a: Tyranitar|Stone Edge|p1a: Gastrodon","|-resisted|p1a: Gastrodon","|-damage|p1a: Gastrodon|183\/400","|","|-weather|Sandstorm|[upkeep]","|upkeep","|turn|21","|","|move|p2a: Tyranitar|Crunch|p1a: Gastrodon","|-damage|p1a: Gastrodon|60\/400","|move|p1a: Gastrodon|Earth Power|p2a: Tyranitar","|-supereffective|p2a: Tyranitar","|-damage|p2a: Tyranitar|206\/404","|","|-weather|none","|upkeep","|turn|22","|","|move|p2a: Tyranitar|Crunch|p1a: Gastrodon","|-damage|p1a: Gastrodon|0 fnt","|faint|p1a: Gastrodon","|","|upkeep","|","|switch|p1a: Dugtrio|Dugtrio, M|212\/212","|-damage|p1a: Dugtrio|199\/212|[from] Stealth Rock","|turn|23","|","|move|p1a: Dugtrio|Earthquake|p2a: Tyranitar","|-supereffective|p2a: Tyranitar","|-damage|p2a: Tyranitar|0 fnt","|faint|p2a: Tyranitar","|","|upkeep","|","|switch|p2a: Cinderace|Cinderace, M|25\/301","|turn|24","|","|move|p1a: Dugtrio|Sucker Punch|p2a: Cinderace","|-damage|p2a: Cinderace|0 fnt","|faint|p2a: Cinderace","|","|upkeep","|-message|31534 forfeited.","|","|win|9415","|l|\u260631534","||Ladder (probably) updated, but score could not be retrieved (Response not received).",""],"p1":"9415","p1rating":1268,"p1team":[{"ability":"stormdrain","evs":{"atk":0,"def":112,"hp":148,"spa":184,"spd":64,"spe":0},"gender":"F","happiness":160,"item":"assaultvest","ivs":{"atk":0,"def":31,"hp":31,"spa":31,"spd":31,"spe":31},"level":100,"moves":["earthpower","sludgebomb","icebeam","scald"],"name":"Gastrodon","nature":"Modest","species":"Gastrodon-East"},{"ability":"compoundeyes","evs":{"atk":0,"def":0,"hp":4,"spa":252,"spd":0,"spe":252},"gender":"F","happiness":160,"item":"lifeorb","ivs":{"atk":0,"def":31,"hp":31,"spa":31,"spd":31,"spe":31},"level":100,"moves":["bugbuzz","gigadrain","stickyweb","thunder"],"name":"Galvantula","nature":"Timid","shiny":true,"species":"Galvantula"},{"ability":"intimidate","evs":{"atk":120,"def":136,"hp":116,"spa":0,"spd":136,"spe":0},"gender":"M","happiness":160,"item":"leftovers","ivs":{"atk":31,"def":31,"hp":31,"spa":31,"spd":31,"spe":31},"level":100,"moves":["substitute","crunch","focuspunch","ironhead"],"name":"Scrafty","nature":"Adamant","species":"Scrafty"},{"ability":"serenegrace","evs":{"atk":0,"def":96,"hp":76,"spa":96,"spd":96,"spe":144},"gender":"M","happiness":160,"item":"leftovers","ivs":{"atk":0,"def":31,"hp":31,"spa":31,"spd":31,"spe":31},"level":100,"moves":["ancientpower","airslash","flamethrower","protect"],"name":"Togekiss","nature":"Modest","species":"Togekiss"},{"ability":"arenatrap","evs":{"atk":252,"def":0,"hp":4,"spa":0,"spd":0,"spe":252},"gender":"M","happiness":160,"item":"focussash","ivs":{"atk":31,"def":31,"hp":31,"spa":31,"spd":31,"spe":31},"level":100,"moves":["earthquake","suckerpunch","stealthrock","rockslide"],"name":"Dugtrio","nature":"Adamant","species":"Dugtrio"},{"ability":"skilllink","evs":{"atk":96,"def":100,"hp":40,"spa":0,"spd":56,"spe":216},"gender":"M","happiness":160,"item":"whiteherb","ivs":{"atk":31,"def":31,"hp":31,"spa":31,"spd":31,"spe":31},"level":100,"moves":["iciclespear","liquidation","rockblast","shellsmash"],"name":"Cloyster","nature":"Adamant","shiny":true,"species":"Cloyster"}],"p2":"31534","p2rating":1317,"p2team":[{"ability":"blaze","evs":{"atk":252,"def":0,"hp":0,"spa":0,"spd":4,"spe":252},"happiness":160,"item":"heavydutyboots","ivs":{"atk":31,"def":31,"hp":31,"spa":31,"spd":31,"spe":31},"level":100,"moves":["pyroball","uturn","highjumpkick","courtchange"],"name":"Cinderace","nature":"Jolly","species":"Cinderace"},{"ability":"sandrush","evs":{"atk":252,"def":0,"hp":0,"spa":0,"spd":4,"spe":252},"happiness":160,"item":"airballoon","ivs":{"atk":31,"def":31,"hp":31,"spa":31,"spd":31,"spe":31},"level":100,"moves":["earthquake","ironhead","rapidspin","rockslide"],"name":"Excadrill","nature":"Adamant","species":"Excadrill"},{"ability":"sandstream","evs":{"atk":252,"def":0,"hp":252,"spa":0,"spd":4,"spe":0},"happiness":160,"item":"assaultvest","ivs":{"atk":31,"def":31,"hp":31,"spa":31,"spd":31,"spe":31},"level":100,"moves":["earthquake","stoneedge","crunch","firepunch"],"name":"Tyranitar","nature":"Adamant","species":"Tyranitar"},{"ability":"waterabsorb","evs":{"atk":4,"def":0,"hp":252,"spa":252,"spd":0,"spe":0},"happiness":160,"item":"leftovers","ivs":{"atk":31,"def":31,"hp":31,"spa":31,"spd":31,"spe":31},"level":100,"moves":["earthpower","scald","stealthrock","powerwhip"],"name":"Seismitoad","nature":"Quiet","species":"Seismitoad"},{"ability":"levitate","evs":{"atk":0,"def":0,"hp":0,"spa":252,"spd":4,"spe":252},"gender":"N","happiness":160,"item":"choicescarf","ivs":{"atk":0,"def":31,"hp":31,"spa":31,"spd":31,"spe":31},"level":100,"moves":["trick","thunderwave","voltswitch","hydropump"],"name":"Rotom","nature":"Timid","species":"rotomwash"},{"ability":"strongjaw","evs":{"atk":252,"def":0,"hp":0,"spa":0,"spd":4,"spe":252},"gender":"N","happiness":160,"item":"choicescarf","ivs":{"atk":31,"def":31,"hp":31,"spa":31,"spd":31,"spe":31},"level":100,"moves":["fishiousrend","outrage","leechlife","bodyslam"],"name":"Dracovish","nature":"Jolly","species":"Dracovish"}],"roomid":102100,"score":[4,1],"seed":[64453,20065,43918,56685],"timestamp":"Mon Dec 30 2019 18:XX","turns":24,"winner":"9415","rated_battle":true,"average_rating":1292}