{"endType":"forfeit","format":"gen8ou","inputLog":[">version aa9f8c6b9cf4eca780a1296832ecd3b0009641e0",">version-origin 5e8529faaa5905c5f8e15eafaaefa806ee8c7d06",">start {\"formatid\":\"gen8ou\",\"seed\":[2661,22914,57889,24947],\"rated\":\"Rated battle\"}",">player p1 {\"\"name\":\"9803\",\"rating\":1225}",">player p2 {\"\"name\":\"30133\",\"rating\":1206}",">p1 team 1, 2, 3, 4, 5, 6",">p2 team 6, 2, 3, 4, 5, 1",">p1 move machpunch",">p2 switch 4",">p1 switch 6",">p2 move ironhead",">p1 switch 4",">p2 move uturn",">p2 switch 2",">p1 move spikes",">p2 move earthquake",">p1 switch 2",">p1 move swordsdance",">p2 switch 5",">p1 move substitute",">p2 move thunderbolt",">p1 move drainpunch",">p2 move thunderbolt",">p1 move drainpunch",">p2 move thunderbolt",">p2 switch 6",">p1 move acrobatics",">p2 move moonblast",">p2 switch 2",">p1 move drainpunch",">p2 move ironhead",">p1 move drainpunch",">p2 move roost"],"ladderError":true,"log":["|j|\u26069803","|j|\u260630133","|player|p1|9803|idol|1225","|player|p2|30133|169|1206","|teamsize|p1|6","|teamsize|p2|6","|gametype|singles","|gen|8","|tier|[Gen 8] OU","|rated|","|rule|Sleep Clause Mod: Limit one foe put to sleep","|rule|Species Clause: Limit one of each Pok\u00e9mon","|rule|OHKO Clause: OHKO moves are banned","|rule|Evasion Moves Clause: Evasion moves are banned","|rule|Endless Battle Clause: Forcing endless battles is banned","|rule|HP Percentage Mod: HP is shown in percentages","|clearpoke","|poke|p1|Conkeldurr, F|","|poke|p1|Hawlucha, F|","|poke|p1|Cinderace, M|","|poke|p1|Pincurchin, M|","|poke|p1|Hydreigon, F|","|poke|p1|Clefable, M|","|poke|p2|Clefable, M|","|poke|p2|Dugtrio, F|","|poke|p2|Seismitoad, F|","|poke|p2|Corviknight, F|","|poke|p2|Rotom-Heat|","|poke|p2|Darmanitan-Galar, M|","|rule|Dynamax Clause: You cannot dynamax","|teampreview","|","|start","|switch|p1a: Conkeldurr|Conkeldurr, F|414\/414","|switch|p2a: Darmanitan|Darmanitan-Galar, M|351\/351","|turn|1","|","|switch|p2a: Corviknight|Corviknight, F|400\/400","|move|p1a: Conkeldurr|Mach Punch|p2a: Corviknight","|-damage|p2a: Corviknight|330\/400","|","|-heal|p2a: Corviknight|355\/400|[from] item: Leftovers","|-status|p1a: Conkeldurr|brn|[from] item: Flame Orb","|upkeep","|turn|2","|","|switch|p1a: Clefable|Clefable, M|394\/394","|move|p2a: Corviknight|Iron Head|p1a: Clefable","|-supereffective|p1a: Clefable","|-damage|p1a: Clefable|184\/394","|","|-heal|p2a: Corviknight|380\/400|[from] item: Leftovers","|upkeep","|turn|3","|","|switch|p1a: Pincurchin|Pincurchin, M|300\/300","|-fieldstart|move: Electric Terrain|[from] ability: Electric Surge|[of] p1a: Pincurchin","|move|p2a: Corviknight|U-turn|p1a: Pincurchin","|-damage|p1a: Pincurchin|246\/300","|","|switch|p2a: Dugtrio|Dugtrio, F|211\/211","|","|upkeep","|turn|4","|","|move|p2a: Dugtrio|Earthquake|p1a: Pincurchin","|-supereffective|p1a: Pincurchin","|-damage|p1a: Pincurchin|0 fnt","|faint|p1a: Pincurchin","|","|upkeep","|","|switch|p1a: Hawlucha|Hawlucha, F|297\/297","|-enditem|p1a: Hawlucha|Electric Seed","|-boost|p1a: Hawlucha|def|1","|turn|5","|","|switch|p2a: Rotom|Rotom-Heat|303\/303","|move|p1a: Hawlucha|Swords Dance|p1a: Hawlucha","|-boost|p1a: Hawlucha|atk|2","|","|upkeep","|turn|6","|","|move|p1a: Hawlucha|Substitute|p1a: Hawlucha","|-start|p1a: Hawlucha|Substitute","|-damage|p1a: Hawlucha|223\/297","|move|p2a: Rotom|Thunderbolt|p1a: Hawlucha","|-supereffective|p1a: Hawlucha","|-end|p1a: Hawlucha|Substitute","|","|upkeep","|turn|7","|","|move|p1a: Hawlucha|Drain Punch|p2a: Rotom","|-damage|p2a: Rotom|125\/303","|-heal|p1a: Hawlucha|297\/297|[from] drain|[of] p2a: Rotom","|move|p2a: Rotom|Thunderbolt|p1a: Hawlucha","|-supereffective|p1a: Hawlucha","|-damage|p1a: Hawlucha|3\/297","|","|upkeep","|turn|8","|","|move|p1a: Hawlucha|Drain Punch|p2a: Rotom","|-damage|p2a: Rotom|0 fnt","|-heal|p1a: Hawlucha|66\/297|[from] drain|[of] p2a: Rotom","|faint|p2a: Rotom","|","|upkeep","|","|switch|p2a: Clefable|Clefable, M|379\/379","|turn|9","|","|move|p1a: Hawlucha|Acrobatics|p2a: Clefable","|-damage|p2a: Clefable|0 fnt","|faint|p2a: Clefable","|","|upkeep","|","|switch|p2a: Corviknight|Corviknight, F|380\/400","|turn|10","|","|move|p1a: Hawlucha|Drain Punch|p2a: Corviknight","|-damage|p2a: Corviknight|184\/400","|-heal|p1a: Hawlucha|164\/297|[from] drain|[of] p2a: Corviknight","|move|p2a: Corviknight|Iron Head|p1a: Hawlucha","|-damage|p1a: Hawlucha|91\/297","|","|-heal|p2a: Corviknight|209\/400|[from] item: Leftovers","|-fieldend|move: Electric Terrain","|upkeep","|turn|11","|","|move|p1a: Hawlucha|Drain Punch|p2a: Corviknight","|-damage|p2a: Corviknight|13\/400","|-heal|p1a: Hawlucha|189\/297|[from] drain|[of] p2a: Corviknight","|move|p2a: Corviknight|Roost|p2a: Corviknight","|-heal|p2a: Corviknight|213\/400","|-singleturn|p2a: Corviknight|move: Roost","|","|-heal|p2a: Corviknight|238\/400|[from] item: Leftovers","|upkeep","|turn|12","|-message|30133 forfeited.","|","|win|9803","|l|\u260630133","|l|\u26069803","||Ladder (probably) updated, but score could not be retrieved (Response not received).",""],"p1":"9803","p1rating":1225,"p1team":[{"ability":"guts","evs":{"atk":252,"def":0,"hp":252,"spa":0,"spd":4,"spe":0},"happiness":160,"item":"flameorb","ivs":{"atk":31,"def":31,"hp":31,"spa":31,"spd":31,"spe":31},"level":100,"moves":["drainpunch","machpunch","icepunch","earthquake"],"name":"Conkeldurr","nature":"Adamant","species":"Conkeldurr"},{"ability":"unburden","evs":{"atk":252,"def":0,"hp":0,"spa":0,"spd":4,"spe":252},"happiness":160,"item":"electricseed","ivs":{"atk":31,"def":31,"hp":31,"spa":31,"spd":31,"spe":31},"level":100,"moves":["acrobatics","drainpunch","swordsdance","substitute"],"name":"Hawlucha","nature":"Adamant","species":"Hawlucha"},{"ability":"blaze","evs":{"atk":252,"def":0,"hp":0,"spa":0,"spd":4,"spe":252},"happiness":160,"item":"heavydutyboots","ivs":{"atk":31,"def":31,"hp":31,"spa":31,"spd":31,"spe":31},"level":100,"moves":["pyroball","gunkshot","uturn","courtchange"],"name":"Cinderace","nature":"Jolly","species":"Cinderace"},{"ability":"electricsurge","evs":{"atk":0,"def":0,"hp":252,"spa":252,"spd":4,"spe":0},"happiness":160,"item":"terrainextender","ivs":{"atk":0,"def":31,"hp":31,"spa":31,"spd":31,"spe":0},"level":100,"moves":["discharge","memento","scald","spikes"],"name":"Pincurchin","nature":"Quiet","species":"Pincurchin"},{"ability":"levitate","evs":{"atk":0,"def":0,"hp":0,"spa":252,"spd":4,"spe":252},"happiness":160,"item":"leftovers","ivs":{"atk":0,"def":31,"hp":31,"spa":31,"spd":31,"spe":31},"level":100,"moves":["darkpulse","nastyplot","flashcannon","substitute"],"name":"Hydreigon","nature":"Timid","species":"Hydreigon"},{"ability":"magicguard","evs":{"atk":0,"def":0,"hp":252,"spa":252,"spd":4,"spe":0},"happiness":160,"item":"lifeorb","ivs":{"atk":0,"def":31,"hp":31,"spa":31,"spd":31,"spe":31},"level":100,"moves":["thunderbolt","flamethrower","moonblast","stealthrock"],"name":"Clefable","nature":"Modest","species":"Clefable"}],"p2":"30133","p2rating":1206,"p2team":[{"ability":"magicguard","evs":{"atk":0,"def":0,"hp":192,"spa":252,"spd":0,"spe":64},"happiness":160,"item":"lifeorb","ivs":{"atk":0,"def":31,"hp":31,"spa":31,"spd":31,"spe":31},"level":100,"moves":["moonblast","flamethrower","thunderbolt","moonlight"],"name":"Clefable","nature":"Modest","species":"Clefable"},{"ability":"arenatrap","evs":{"atk":252,"def":0,"hp":0,"spa":0,"spd":4,"spe":252},"happiness":160,"item":"focussash","ivs":{"atk":31,"def":31,"hp":31,"spa":31,"spd":31,"spe":31},"level":100,"moves":["earthquake","suckerpunch","reversal","stoneedge"],"name":"Dugtrio","nature":"Adamant","species":"Dugtrio"},{"ability":"waterabsorb","evs":{"atk":0,"def":252,"hp":252,"spa":0,"spd":0,"spe":4},"happiness":160,"item":"leftovers","ivs":{"atk":0,"def":31,"hp":31,"spa":31,"spd":31,"spe":31},"level":100,"moves":["scald","earthpower","stealthrock","toxic"],"name":"Seismitoad","nature":"Bold","species":"Seismitoad"},{"ability":"mirrorarmor","evs":{"atk":0,"def":76,"hp":252,"spa":0,"spd":172,"spe":8},"happiness":160,"item":"leftovers","ivs":{"atk":31,"def":31,"hp":31,"spa":31,"spd":31,"spe":31},"level":100,"moves":["defog","uturn","roost","ironhead"],"name":"Corviknight","nature":"Impish","species":"Corviknight"},{"ability":"levitate","evs":{"atk":0,"def":104,"hp":248,"spa":0,"spd":156,"spe":0},"gender":"N","happiness":160,"item":"heavydutyboots","ivs":{"atk":0,"def":31,"hp":31,"spa":31,"spd":31,"spe":31},"level":100,"moves":["overheat","thunderbolt","willowisp","voltswitch"],"name":"Rotom","nature":"Bold","species":"rotomheat"},{"ability":"gorillatactics","evs":{"atk":252,"def":0,"hp":0,"spa":0,"spd":4,"spe":252},"happiness":160,"item":"choicescarf","ivs":{"atk":31,"def":31,"hp":31,"spa":31,"spd":31,"spe":31},"level":100,"moves":["iciclecrash","flareblitz","earthquake","uturn"],"name":"Darmanitan","nature":"Jolly","species":"darmanitangalar"}],"roomid":100097,"score":[5,4],"seed":[2661,22914,57889,24947],"timestamp":"Mon Dec 30 2019 20:XX","turns":12,"winner":"9803","rated_battle":true,"average_rating":1215}