{"endType":"forfeit","format":"gen8ou","inputLog":[">version aa9f8c6b9cf4eca780a1296832ecd3b0009641e0",">version-origin 5e8529faaa5905c5f8e15eafaaefa806ee8c7d06",">start {\"formatid\":\"gen8ou\",\"seed\":[39330,26175,10680,7500],\"rated\":\"Rated battle\"}",">player p1 {\"\"name\":\"26399\",\"rating\":1279}",">player p2 {\"\"name\":\"12382\",\"rating\":1206}",">p1 team 1, 2, 3, 4, 5, 6",">p2 team 3, 2, 1, 4, 5, 6",">p1 move mysticalfire",">p2 switch 6",">p1 move mysticalfire",">p2 move nastyplot",">p1 switch 3",">p2 move discharge",">p1 move stealthrock",">p2 move nastyplot",">p1 move toxic",">p2 move darkpulse",">p1 move scald",">p2 move darkpulse"],"log":["|j|\u260626399","|j|\u260612382","|player|p1|26399|1|1279","|player|p2|12382|2|1206","|teamsize|p1|6","|teamsize|p2|6","|gametype|singles","|gen|8","|tier|[Gen 8] OU","|rated|","|rule|Sleep Clause Mod: Limit one foe put to sleep","|rule|Species Clause: Limit one of each Pok\u00e9mon","|rule|OHKO Clause: OHKO moves are banned","|rule|Evasion Moves Clause: Evasion moves are banned","|rule|Endless Battle Clause: Forcing endless battles is banned","|rule|HP Percentage Mod: HP is shown in percentages","|clearpoke","|poke|p1|Hatterene, F|","|poke|p1|Rotom-Heat|","|poke|p1|Seismitoad, M|","|poke|p1|Bisharp, F|","|poke|p1|Dragapult, F|","|poke|p1|Darmanitan-Galar, F|","|poke|p2|Bewear, M|","|poke|p2|Hippowdon, M|","|poke|p2|Ferrothorn, F|","|poke|p2|Dragapult, F|","|poke|p2|Centiskorch, M|","|poke|p2|Rotom-Wash|","|rule|Dynamax Clause: You cannot dynamax","|teampreview","|","|start","|switch|p1a: Hatterene|Hatterene, F|317\/317","|switch|p2a: Ferrothorn|Ferrothorn, F|352\/352","|turn|1","|","|switch|p2a: Rotom|Rotom-Wash|303\/303","|move|p1a: Hatterene|Mystical Fire|p2a: Rotom","|-resisted|p2a: Rotom","|-crit|p2a: Rotom","|-damage|p2a: Rotom|198\/303","|-unboost|p2a: Rotom|spa|1","|","|upkeep","|turn|2","|","|move|p2a: Rotom|Nasty Plot|p2a: Rotom","|-boost|p2a: Rotom|spa|2","|move|p1a: Hatterene|Mystical Fire|p2a: Rotom","|-resisted|p2a: Rotom","|-damage|p2a: Rotom|128\/303","|-unboost|p2a: Rotom|spa|1","|","|upkeep","|turn|3","|","|switch|p1a: Seismitoad|Seismitoad, M|414\/414","|move|p2a: Rotom|Discharge|p1a: Seismitoad","|-immune|p1a: Seismitoad","|","|upkeep","|turn|4","|","|move|p2a: Rotom|Nasty Plot|p2a: Rotom","|-boost|p2a: Rotom|spa|2","|move|p1a: Seismitoad|Stealth Rock|p2a: Rotom","|-sidestart12382|move: Stealth Rock","|","|upkeep","|turn|5","|","|move|p2a: Rotom|Dark Pulse|p1a: Seismitoad","|-damage|p1a: Seismitoad|240\/414","|move|p1a: Seismitoad|Toxic|p2a: Rotom","|-status|p2a: Rotom|tox","|","|-heal|p1a: Seismitoad|265\/414|[from] item: Leftovers","|-damage|p2a: Rotom|110\/303 tox|[from] psn","|upkeep","|turn|6","|l|\u260612382","|player|p2|","|","|move|p2a: Rotom|Dark Pulse|p1a: Seismitoad","|-damage|p1a: Seismitoad|79\/414","|cant|p1a: Seismitoad|flinch","|","|-heal|p1a: Seismitoad|104\/414|[from] item: Leftovers","|-damage|p2a: Rotom|74\/303 tox|[from] psn","|upkeep","|-enditem|p2a: Rotom|Iapapa Berry|[eat]","|-heal|p2a: Rotom|173\/303 tox|[from] item: Iapapa Berry","|turn|7","|-message|12382 lost due to inactivity.","|","|win|26399","|raw|26399's rating: 1279 &rarr; <strong>1299<\/strong><br \/>(+20 for winning)","|raw|12382's rating: 1206 &rarr; <strong>1186<\/strong><br \/>(-20 for losing)",""],"p1":"26399","p1rating":1279,"p1team":[{"ability":"magicbounce","evs":{"atk":0,"def":0,"hp":248,"spa":252,"spd":0,"spe":8},"gender":"F","happiness":160,"item":"choicespecs","ivs":{"atk":0,"def":31,"hp":31,"spa":31,"spd":31,"spe":31},"level":100,"moves":["psychic","dazzlinggleam","mysticalfire","healingwish"],"name":"Hatterene","nature":"Modest","species":"Hatterene"},{"ability":"levitate","evs":{"atk":0,"def":8,"hp":248,"spa":0,"spd":0,"spe":252},"gender":"N","happiness":160,"item":"heavydutyboots","ivs":{"atk":0,"def":31,"hp":31,"spa":31,"spd":31,"spe":31},"level":100,"moves":["voltswitch","overheat","thunderwave","willowisp"],"name":"Rotom","nature":"Timid","species":"rotomheat"},{"ability":"waterabsorb","evs":{"atk":0,"def":252,"hp":252,"spa":0,"spd":4,"spe":0},"happiness":160,"item":"leftovers","ivs":{"atk":31,"def":31,"hp":31,"spa":31,"spd":31,"spe":31},"level":100,"moves":["stealthrock","scald","earthquake","toxic"],"name":"Seismitoad","nature":"Relaxed","species":"Seismitoad"},{"ability":"defiant","evs":{"atk":252,"def":4,"hp":0,"spa":0,"spd":0,"spe":252},"happiness":160,"item":"blackglasses","ivs":{"atk":31,"def":31,"hp":31,"spa":31,"spd":31,"spe":31},"level":100,"moves":["swordsdance","ironhead","throatchop","suckerpunch"],"name":"Bisharp","nature":"Adamant","species":"Bisharp"},{"ability":"infiltrator","evs":{"atk":0,"def":0,"hp":0,"spa":252,"spd":4,"spe":252},"happiness":160,"item":"choicespecs","ivs":{"atk":31,"def":31,"hp":31,"spa":31,"spd":31,"spe":31},"level":100,"moves":["dracometeor","shadowball","fireblast","thunderbolt"],"name":"Dragapult","nature":"Timid","species":"Dragapult"},{"ability":"gorillatactics","evs":{"atk":252,"def":0,"hp":0,"spa":0,"spd":4,"spe":252},"happiness":160,"item":"choicescarf","ivs":{"atk":31,"def":31,"hp":31,"spa":31,"spd":31,"spe":31},"level":100,"moves":["iciclecrash","flareblitz","earthquake","uturn"],"name":"Darmanitan","nature":"Jolly","species":"darmanitangalar"}],"p2":"12382","p2rating":1206,"p2team":[{"ability":"fluffy","evs":{"atk":252,"def":0,"hp":0,"spa":0,"spd":4,"spe":252},"happiness":160,"item":"choiceband","ivs":{"atk":31,"def":31,"hp":31,"spa":31,"spd":31,"spe":31},"level":100,"moves":["closecombat","drainpunch","earthquake","darkestlariat"],"name":"Bewear","nature":"Adamant","species":"Bewear"},{"ability":"sandstream","evs":{"atk":8,"def":72,"hp":252,"spa":0,"spd":176,"spe":0},"happiness":160,"item":"leftovers","ivs":{"atk":31,"def":31,"hp":31,"spa":31,"spd":31,"spe":31},"level":100,"moves":["earthquake","slackoff","stealthrock","whirlwind"],"name":"Hippowdon","nature":"Impish","species":"Hippowdon"},{"ability":"ironbarbs","evs":{"atk":0,"def":248,"hp":252,"spa":0,"spd":8,"spe":0},"happiness":160,"item":"leftovers","ivs":{"atk":31,"def":31,"hp":31,"spa":31,"spd":31,"spe":31},"level":100,"moves":["powerwhip","spikes","protect","leechseed"],"name":"Ferrothorn","nature":"Impish","species":"Ferrothorn"},{"ability":"infiltrator","evs":{"atk":0,"def":0,"hp":0,"spa":252,"spd":4,"spe":252},"happiness":160,"item":"choicespecs","ivs":{"atk":31,"def":31,"hp":31,"spa":31,"spd":31,"spe":31},"level":100,"moves":["shadowball","dracometeor","uturn","fireblast"],"name":"Dragapult","nature":"Timid","species":"Dragapult"},{"ability":"flashfire","evs":{"atk":0,"def":0,"hp":252,"spa":0,"spd":236,"spe":20},"happiness":160,"item":"heavydutyboots","ivs":{"atk":31,"def":31,"hp":31,"spa":31,"spd":31,"spe":31},"level":100,"moves":["firelash","knockoff","rest","sleeptalk"],"name":"Centiskorch","nature":"Careful","species":"Centiskorch"},{"ability":"levitate","evs":{"atk":0,"def":0,"hp":248,"spa":44,"spd":0,"spe":216},"gender":"N","happiness":160,"item":"iapapaberry","ivs":{"atk":0,"def":31,"hp":31,"spa":31,"spd":31,"spe":31},"level":100,"moves":["discharge","hydropump","darkpulse","nastyplot"],"name":"Rotom","nature":"Timid","species":"rotomwash"}],"roomid":101665,"score":[6,6],"seed":[39330,26175,10680,7500],"timestamp":"Mon Dec 30 2019 12:XX","turns":7,"winner":"26399","rated_battle":true,"average_rating":1242}