{"endType":"forfeit","format":"gen8ou","inputLog":[">version aa9f8c6b9cf4eca780a1296832ecd3b0009641e0",">version-origin 5e8529faaa5905c5f8e15eafaaefa806ee8c7d06",">start {\"formatid\":\"gen8ou\",\"seed\":[55304,49810,9679,30105],\"rated\":\"Rated battle\"}",">player p1 {\"\"name\":\"31255\",\"rating\":1288}",">player p2 {\"\"name\":\"4331\",\"rating\":1331}",">p1 team 6, 2, 3, 4, 5, 1",">p2 team 6, 2, 3, 4, 5, 1",">p1 move protect",">p2 move uturn",">p1 move leechseed",">p2 switch 3",">p1 move knockoff",">p2 switch 3",">p1 switch 5",">p2 move flamethrower",">p1 move fishiousrend",">p2 move dracometeor",">p1 switch 6",">p1 move shadowball",">p2 move dracometeor",">p2 switch 4",">p1 switch 4",">p2 move swordsdance",">p1 move haze",">p2 switch 2",">p1 move toxic",">p2 move stealthrock",">p1 switch 2",">p2 move scald",">p1 move courtchange",">p2 move scald",">p1 switch 4",">p1 move dracometeor",">p2 switch 3",">p1 move dracometeor",">p2 switch 5",">p1 switch 5",">p2 switch 5",">p1 move leechseed",">p2 move roost",">p1 move knockoff",">p2 move roost",">p1 move protect",">p2 move defog",">p1 switch 5",">p2 move knockoff",">p1 move thunderbolt",">p2 move roost",">p1 move dracometeor",">p2 move defog",">p2 switch 3",">p1 switch 5",">p2 move rest",">p1 move leechseed",">p2 move stealthrock",">p1 move spikes",">p2 switch 5",">p1 switch 2",">p2 move shadowball"],"log":["|j|\u260631255","|j|\u26064331","|player|p1|31255|266|1288","|player|p2|4331|ingo|1331","|teamsize|p1|6","|teamsize|p2|6","|gametype|singles","|gen|8","|tier|[Gen 8] OU","|rated|","|rule|Sleep Clause Mod: Limit one foe put to sleep","|rule|Species Clause: Limit one of each Pok\u00e9mon","|rule|OHKO Clause: OHKO moves are banned","|rule|Evasion Moves Clause: Evasion moves are banned","|rule|Endless Battle Clause: Forcing endless battles is banned","|rule|HP Percentage Mod: HP is shown in percentages","|clearpoke","|poke|p1|Dragapult, M|","|poke|p1|Cinderace, M|","|poke|p1|Corsola-Galar, F|","|poke|p1|Toxapex, F|","|poke|p1|Dracovish|","|poke|p1|Ferrothorn, F|","|poke|p2|Gyarados, F|","|poke|p2|Seismitoad, F|","|poke|p2|Mandibuzz, F|","|poke|p2|Mimikyu, M|","|poke|p2|Aegislash, M|","|poke|p2|Noivern, F|","|rule|Dynamax Clause: You cannot dynamax","|teampreview","|","|start","|switch|p1a: Ferrothorn|Ferrothorn, F|352\/352","|switch|p2a: Noivern|Noivern, F|312\/312","|turn|1","|","|move|p1a: Ferrothorn|Protect|p1a: Ferrothorn","|-singleturn|p1a: Ferrothorn|Protect","|move|p2a: Noivern|U-turn|p1a: Ferrothorn","|-activate|p1a: Ferrothorn|move: Protect","|","|upkeep","|turn|2","|","|switch|p2a: Mandibuzz|Mandibuzz, F|424\/424","|move|p1a: Ferrothorn|Leech Seed|p2a: Mandibuzz","|-start|p2a: Mandibuzz|move: Leech Seed","|","|-damage|p2a: Mandibuzz|371\/424|[from] Leech Seed|[of] p1a: Ferrothorn","|upkeep","|turn|3","|","|switch|p2a: Noivern|Noivern, F|312\/312","|move|p1a: Ferrothorn|Knock Off|p2a: Noivern","|-damage|p2a: Noivern|220\/312","|-enditem|p2a: Noivern|Choice Scarf|[from] move: Knock Off|[of] p1a: Ferrothorn","|","|upkeep","|turn|4","|","|switch|p1a: Dracovish|Dracovish|321\/321","|move|p2a: Noivern|Flamethrower|p1a: Dracovish","|-resisted|p1a: Dracovish","|-damage|p1a: Dracovish|291\/321","|","|upkeep","|turn|5","|","|move|p1a: Dracovish|Fishious Rend|p2a: Noivern","|-resisted|p2a: Noivern","|-damage|p2a: Noivern|25\/312","|move|p2a: Noivern|Draco Meteor|p1a: Dracovish","|-supereffective|p1a: Dracovish","|-damage|p1a: Dracovish|0 fnt","|-unboost|p2a: Noivern|spa|2","|faint|p1a: Dracovish","|","|upkeep","|","|switch|p1a: Dragapult|Dragapult, M|317\/317","|turn|6","|","|move|p1a: Dragapult|Shadow Ball|p2a: Noivern","|-damage|p2a: Noivern|0 fnt","|faint|p2a: Noivern","|","|upkeep","|","|switch|p2a: Mimikyu|Mimikyu, M|252\/252","|turn|7","|","|switch|p1a: Toxapex|Toxapex, F|304\/304","|move|p2a: Mimikyu|Swords Dance|p2a: Mimikyu","|-boost|p2a: Mimikyu|atk|2","|","|upkeep","|turn|8","|","|switch|p2a: Seismitoad|Seismitoad, F|414\/414","|move|p1a: Toxapex|Haze|p1a: Toxapex","|-clearallboost","|","|upkeep","|turn|9","|","|move|p2a: Seismitoad|Stealth Rock|p1a: Toxapex","|-sidestart31255|move: Stealth Rock","|move|p1a: Toxapex|Toxic|p2a: Seismitoad","|-status|p2a: Seismitoad|tox","|","|-damage|p2a: Seismitoad|389\/414 tox|[from] psn","|upkeep","|turn|10","|","|switch|p1a: Cinderace|Cinderace, M|301\/301","|move|p2a: Seismitoad|Scald|p1a: Cinderace","|-supereffective|p1a: Cinderace","|-damage|p1a: Cinderace|109\/301","|","|-damage|p2a: Seismitoad|339\/414 tox|[from] psn","|upkeep","|turn|11","|","|move|p1a: Cinderace|Court Change|p1a: Cinderace","|-sideend31255|Stealth Rock|[silent]","|-sidestart4331|Stealth Rock|[silent]","|-activate|p1a: Cinderace|move: Court Change","|move|p2a: Seismitoad|Scald|p1a: Cinderace","|-supereffective|p1a: Cinderace","|-damage|p1a: Cinderace|0 fnt","|faint|p1a: Cinderace","|","|-damage|p2a: Seismitoad|264\/414 tox|[from] psn","|upkeep","|","|switch|p1a: Dragapult|Dragapult, M|317\/317","|turn|12","|","|switch|p2a: Mandibuzz|Mandibuzz, F|371\/424","|move|p1a: Dragapult|Draco Meteor|p2a: Mandibuzz","|-damage|p2a: Mandibuzz|74\/424","|-unboost|p1a: Dragapult|spa|2","|","|upkeep","|turn|13","|","|switch|p2a: Aegislash|Aegislash, M|324\/324","|-damage|p2a: Aegislash|304\/324|[from] Stealth Rock","|move|p1a: Dragapult|Draco Meteor|p2a: Aegislash","|-resisted|p2a: Aegislash","|-damage|p2a: Aegislash|254\/324","|-unboost|p1a: Dragapult|spa|2","|","|upkeep","|turn|14","|","|switch|p1a: Ferrothorn|Ferrothorn, F|352\/352","|switch|p2a: Mandibuzz|Mandibuzz, F|74\/424","|","|upkeep","|turn|15","|","|move|p2a: Mandibuzz|Roost|p2a: Mandibuzz","|-heal|p2a: Mandibuzz|286\/424","|-singleturn|p2a: Mandibuzz|move: Roost","|move|p1a: Ferrothorn|Leech Seed|p2a: Mandibuzz","|-start|p2a: Mandibuzz|move: Leech Seed","|","|-damage|p2a: Mandibuzz|233\/424|[from] Leech Seed|[of] p1a: Ferrothorn","|upkeep","|turn|16","|","|move|p2a: Mandibuzz|Roost|p2a: Mandibuzz","|-heal|p2a: Mandibuzz|424\/424","|-singleturn|p2a: Mandibuzz|move: Roost","|move|p1a: Ferrothorn|Knock Off|p2a: Mandibuzz","|-resisted|p2a: Mandibuzz","|-damage|p2a: Mandibuzz|398\/424","|-enditem|p2a: Mandibuzz|Heavy-Duty Boots|[from] move: Knock Off|[of] p1a: Ferrothorn","|","|-damage|p2a: Mandibuzz|345\/424|[from] Leech Seed|[of] p1a: Ferrothorn","|upkeep","|turn|17","|","|move|p1a: Ferrothorn|Protect|p1a: Ferrothorn","|-singleturn|p1a: Ferrothorn|Protect","|move|p2a: Mandibuzz|Defog|p1a: Ferrothorn","|-activate|p1a: Ferrothorn|move: Protect","|","|-damage|p2a: Mandibuzz|292\/424|[from] Leech Seed|[of] p1a: Ferrothorn","|upkeep","|turn|18","|","|switch|p1a: Dragapult|Dragapult, M|317\/317","|move|p2a: Mandibuzz|Knock Off|p1a: Dragapult","|-supereffective|p1a: Dragapult","|-damage|p1a: Dragapult|123\/317","|-enditem|p1a: Dragapult|Choice Specs|[from] move: Knock Off|[of] p2a: Mandibuzz","|","|-damage|p2a: Mandibuzz|239\/424|[from] Leech Seed|[of] p1a: Dragapult","|-heal|p1a: Dragapult|176\/317|[silent]","|upkeep","|turn|19","|","|move|p1a: Dragapult|Thunderbolt|p2a: Mandibuzz","|-supereffective|p2a: Mandibuzz","|-damage|p2a: Mandibuzz|59\/424","|move|p2a: Mandibuzz|Roost|p2a: Mandibuzz","|-heal|p2a: Mandibuzz|271\/424","|-singleturn|p2a: Mandibuzz|move: Roost","|","|-damage|p2a: Mandibuzz|218\/424|[from] Leech Seed|[of] p1a: Dragapult","|-heal|p1a: Dragapult|229\/317|[silent]","|upkeep","|turn|20","|","|move|p1a: Dragapult|Draco Meteor|p2a: Mandibuzz","|-damage|p2a: Mandibuzz|0 fnt","|-unboost|p1a: Dragapult|spa|2","|faint|p2a: Mandibuzz","|","|upkeep","|","|switch|p2a: Seismitoad|Seismitoad, F|264\/414 tox","|-damage|p2a: Seismitoad|239\/414 tox|[from] Stealth Rock","|turn|21","|","|switch|p1a: Ferrothorn|Ferrothorn, F|352\/352","|move|p2a: Seismitoad|Rest|p2a: Seismitoad","|-status|p2a: Seismitoad|slp|[from] move: Rest","|-heal|p2a: Seismitoad|414\/414 slp|[silent]","|-enditem|p2a: Seismitoad|Chesto Berry|[eat]","|-curestatus|p2a: Seismitoad|slp|[msg]","|","|upkeep","|turn|22","|","|move|p2a: Seismitoad|Stealth Rock|p1a: Ferrothorn","|-sidestart31255|move: Stealth Rock","|move|p1a: Ferrothorn|Leech Seed|p2a: Seismitoad","|-start|p2a: Seismitoad|move: Leech Seed","|","|-damage|p2a: Seismitoad|363\/414|[from] Leech Seed|[of] p1a: Ferrothorn","|upkeep","|turn|23","|","|switch|p2a: Aegislash|Aegislash, M|254\/324","|-damage|p2a: Aegislash|234\/324|[from] Stealth Rock","|move|p1a: Ferrothorn|Spikes|p2a: Aegislash","|-sidestart4331|Spikes","|","|upkeep","|turn|24","|","|switch|p1a: Toxapex|Toxapex, F|304\/304","|-damage|p1a: Toxapex|266\/304|[from] Stealth Rock","|-formechange|p2a: Aegislash|Aegislash-Blade||[from] ability: Stance Change","|move|p2a: Aegislash|Shadow Ball|p1a: Toxapex","|-damage|p1a: Toxapex|146\/304","|","|-heal|p1a: Toxapex|165\/304|[from] item: Black Sludge","|upkeep","|turn|25","|-message|4331 forfeited.","|","|win|31255","|l|\u26064331","|raw|31255's rating: 1288 &rarr; <strong>1316<\/strong><br \/>(+28 for winning)","|raw|4331's rating: 1331 &rarr; <strong>1309<\/strong><br \/>(-22 for losing)",""],"p1":"31255","p1rating":1288,"p1team":[{"ability":"infiltrator","evs":{"atk":0,"def":0,"hp":0,"spa":252,"spd":4,"spe":252},"happiness":160,"item":"choicespecs","ivs":{"atk":31,"def":31,"hp":31,"spa":31,"spd":31,"spe":31},"level":100,"moves":["dracometeor","thunderbolt","shadowball","uturn"],"name":"Dragapult","nature":"Timid","species":"Dragapult"},{"ability":"blaze","evs":{"atk":252,"def":0,"hp":0,"spa":0,"spd":4,"spe":252},"happiness":160,"item":"heavydutyboots","ivs":{"atk":31,"def":31,"hp":31,"spa":31,"spd":31,"spe":31},"level":100,"moves":["pyroball","courtchange","uturn","zenheadbutt"],"name":"Cinderace","nature":"Jolly","species":"Cinderace"},{"ability":"cursedbody","evs":{"atk":0,"def":4,"hp":252,"spa":0,"spd":252,"spe":0},"happiness":160,"item":"eviolite","ivs":{"atk":0,"def":31,"hp":31,"spa":31,"spd":31,"spe":31},"level":100,"moves":["willowisp","strengthsap","nightshade","stealthrock"],"name":"Corsola","nature":"Calm","species":"corsolagalar"},{"ability":"regenerator","evs":{"atk":0,"def":252,"hp":252,"spa":0,"spd":4,"spe":0},"happiness":160,"item":"blacksludge","ivs":{"atk":0,"def":31,"hp":31,"spa":31,"spd":31,"spe":31},"level":100,"moves":["haze","scald","recover","toxic"],"name":"Toxapex","nature":"Bold","species":"Toxapex"},{"ability":"strongjaw","evs":{"atk":252,"def":0,"hp":0,"spa":0,"spd":4,"spe":252},"gender":"N","happiness":160,"item":"choicescarf","ivs":{"atk":31,"def":31,"hp":31,"spa":31,"spd":31,"spe":31},"level":100,"moves":["fishiousrend","psychicfangs","icefang","outrage"],"name":"Dracovish","nature":"Jolly","species":"Dracovish"},{"ability":"ironbarbs","evs":{"atk":4,"def":252,"hp":252,"spa":0,"spd":0,"spe":0},"happiness":160,"item":"leftovers","ivs":{"atk":31,"def":31,"hp":31,"spa":31,"spd":31,"spe":31},"level":100,"moves":["leechseed","spikes","protect","knockoff"],"name":"Ferrothorn","nature":"Impish","species":"Ferrothorn"}],"p2":"4331","p2rating":1331,"p2team":[{"ability":"intimidate","evs":{"atk":4,"def":152,"hp":252,"spa":0,"spd":0,"spe":100},"happiness":160,"item":"leftovers","ivs":{"atk":31,"def":31,"hp":31,"spa":31,"spd":31,"spe":31},"level":100,"moves":["dragondance","waterfall","substitute","bounce"],"name":"Gyarados","nature":"Impish","species":"Gyarados"},{"ability":"waterabsorb","evs":{"atk":0,"def":252,"hp":252,"spa":4,"spd":0,"spe":0},"happiness":160,"item":"chestoberry","ivs":{"atk":0,"def":31,"hp":31,"spa":31,"spd":31,"spe":31},"level":100,"moves":["stealthrock","scald","earthpower","rest"],"name":"Seismitoad","nature":"Bold","species":"Seismitoad"},{"ability":"overcoat","evs":{"atk":0,"def":252,"hp":252,"spa":0,"spd":0,"spe":0},"gender":"F","happiness":160,"item":"heavydutyboots","ivs":{"atk":31,"def":31,"hp":31,"spa":31,"spd":31,"spe":31},"level":100,"moves":["knockoff","toxic","roost","defog"],"name":"Mandibuzz","nature":"Impish","species":"Mandibuzz"},{"ability":"disguise","evs":{"atk":252,"def":0,"hp":4,"spa":0,"spd":0,"spe":252},"happiness":160,"item":"lifeorb","ivs":{"atk":31,"def":31,"hp":31,"spa":31,"spd":31,"spe":31},"level":100,"moves":["swordsdance","shadowsneak","playrough","drainpunch"],"name":"Mimikyu","nature":"Jolly","species":"Mimikyu"},{"ability":"stancechange","evs":{"atk":0,"def":4,"hp":252,"spa":252,"spd":0,"spe":0},"happiness":160,"item":"weaknesspolicy","ivs":{"atk":31,"def":31,"hp":31,"spa":31,"spd":31,"spe":31},"level":100,"moves":["shadowball","kingsshield","shadowsneak","flashcannon"],"name":"Aegislash","nature":"Quiet","species":"Aegislash"},{"ability":"infiltrator","evs":{"atk":0,"def":0,"hp":4,"spa":252,"spd":0,"spe":252},"happiness":160,"item":"choicescarf","ivs":{"atk":31,"def":31,"hp":31,"spa":31,"spd":31,"spe":31},"level":100,"moves":["hurricane","dracometeor","flamethrower","uturn"],"name":"Noivern","nature":"Rash","species":"Noivern"}],"roomid":101649,"score":[4,4],"seed":[55304,49810,9679,30105],"timestamp":"Mon Dec 30 2019 13:XX","turns":25,"winner":"31255","rated_battle":true,"average_rating":1309}