{"endType":"forfeit","format":"gen8ou","inputLog":[">version aa9f8c6b9cf4eca780a1296832ecd3b0009641e0",">version-origin 5e8529faaa5905c5f8e15eafaaefa806ee8c7d06",">start {\"formatid\":\"gen8ou\",\"seed\":[17682,42364,15046,47783],\"rated\":\"Rated battle\"}",">player p1 {\"\"name\":\"29220\",\"rating\":1755}",">player p2 {\"\"name\":\"26799\",\"rating\":1761}",">p1 team 6, 2, 3, 4, 5, 1",">p2 team 2, 1, 3, 4, 5, 6",">p1 switch 3",">p2 move drainingkiss",">p1 move knockoff",">p2 move drainingkiss",">p1 move roost",">p2 move calmmind",">p1 move uturn",">p2 move mysticalfire",">p1 switch 5",">p1 move shadowball",">p2 move drainingkiss",">p1 switch 6",">p1 move iciclecrash",">p2 switch 3",">p2 switch 4",">p1 switch 2",">p2 move uturn",">p2 switch 4",">p1 move voltswitch",">p2 move toxic",">p1 switch 4",">p1 move thunderbolt",">p2 switch 4",">p1 move thunderbolt",">p2 move pyroball",">p2 switch 6",">p1 move stealthrock",">p2 move fireblast",">p1 switch 4",">p2 move energyball",">p1 move protect",">p2 move energyball",">p1 switch 5",">p2 move energyball",">p1 switch 5",">p2 switch 4",">p1 move voltswitch",">p2 move recover",">p1 switch 4",">p1 move moonlight",">p2 switch 4",">p1 move moonlight",">p2 move nastyplot",">p1 switch 4",">p2 move fireblast",">p1 move voltswitch",">p2 move energyball",">p1 switch 3",">p1 move earthquake",">p2 move energyball",">p2 switch 3",">p1 switch 4",">p2 move drainingkiss",">p1 move moonblast",">p2 switch 2",">p1 switch 5",">p2 move fireblast",">p1 move uturn",">p2 move fireblast",">p1 switch 4",">p1 move rockslide",">p2 move fireblast",">p2 switch 2",">p1 switch 2",">p2 move drainingkiss",">p1 move uturn",">p2 move psychic",">p1 switch 5",">p1 move moonblast",">p2 switch 4",">p1 move moonblast",">p2 switch 5"],"log":["|j|\u260629220","|j|\u260626799","|player|p1|29220|ethan|1755","|player|p2|26799|baker|1761","|teamsize|p1|6","|teamsize|p2|6","|gametype|singles","|gen|8","|tier|[Gen 8] OU","|rated|","|rule|Sleep Clause Mod: Limit one foe put to sleep","|rule|Species Clause: Limit one of each Pok\u00e9mon","|rule|OHKO Clause: OHKO moves are banned","|rule|Evasion Moves Clause: Evasion moves are banned","|rule|Endless Battle Clause: Forcing endless battles is banned","|rule|HP Percentage Mod: HP is shown in percentages","|clearpoke","|poke|p1|Darmanitan-Galar, M|","|poke|p1|Rotom-Wash|","|poke|p1|Mandibuzz, F|","|poke|p1|Clefable, F|","|poke|p1|Aegislash, M|","|poke|p1|Dugtrio, F|","|poke|p2|Charizard, F|","|poke|p2|Hatterene, F|","|poke|p2|Toxapex, F|","|poke|p2|Cinderace, M|","|poke|p2|Shiftry, F|","|poke|p2|Ninetales, M|","|rule|Dynamax Clause: You cannot dynamax","|teampreview","|j| Sobcay el rey","|j| catfish33","|","|start","|switch|p1a: Dugtrio|Dugtrio, F|211\/211","|switch|p2a: Hatterene|Hatterene, F|318\/318","|turn|1","|j| Ballz2TheWallz","|","|switch|p1a: Mandibuzz|Mandibuzz, F|423\/423","|move|p2a: Hatterene|Draining Kiss|p1a: Mandibuzz","|-supereffective|p1a: Mandibuzz","|-damage|p1a: Mandibuzz|247\/423","|","|upkeep","|turn|2","|","|move|p1a: Mandibuzz|Knock Off|p2a: Hatterene","|-damage|p2a: Hatterene|234\/318","|-enditem|p2a: Hatterene|Leftovers|[from] move: Knock Off|[of] p1a: Mandibuzz","|move|p2a: Hatterene|Draining Kiss|p1a: Mandibuzz","|-supereffective|p1a: Mandibuzz","|-damage|p1a: Mandibuzz|77\/423","|-heal|p2a: Hatterene|318\/318|[from] drain|[of] p1a: Mandibuzz","|","|upkeep","|turn|3","|","|move|p1a: Mandibuzz|Roost|p1a: Mandibuzz","|-heal|p1a: Mandibuzz|289\/423","|-singleturn|p1a: Mandibuzz|move: Roost","|move|p2a: Hatterene|Calm Mind|p2a: Hatterene","|-boost|p2a: Hatterene|spa|1","|-boost|p2a: Hatterene|spd|1","|","|upkeep","|turn|4","|","|move|p1a: Mandibuzz|U-turn|p2a: Hatterene","|-damage|p2a: Hatterene|274\/318","|","|switch|p1a: Aegislash|Aegislash, M|324\/324","|move|p2a: Hatterene|Mystical Fire|p1a: Aegislash","|-supereffective|p1a: Aegislash","|-crit|p1a: Aegislash","|-damage|p1a: Aegislash|48\/324","|-unboost|p1a: Aegislash|spa|1","|","|-heal|p1a: Aegislash|68\/324|[from] item: Leftovers","|upkeep","|turn|5","|","|-formechange|p1a: Aegislash|Aegislash-Blade||[from] ability: Stance Change","|move|p1a: Aegislash|Shadow Ball|p2a: Hatterene","|-supereffective|p2a: Hatterene","|-damage|p2a: Hatterene|160\/318","|-unboost|p2a: Hatterene|spd|1","|move|p2a: Hatterene|Draining Kiss|p1a: Aegislash","|-resisted|p1a: Aegislash","|-damage|p1a: Aegislash|0 fnt","|-heal|p2a: Hatterene|211\/318|[from] drain|[of] p1a: Aegislash","|faint|p1a: Aegislash","|","|upkeep","|","|switch|p1a: this shit lol|Darmanitan-Galar, M|351\/351","|turn|6","|","|switch|p2a: Toxapex|Toxapex, F|303\/303","|move|p1a: this shit lol|Icicle Crash|p2a: Toxapex","|-resisted|p2a: Toxapex","|-damage|p2a: Toxapex|243\/303","|-enditem|p2a: Toxapex|Eject Button","|","|switch|p2a: Cinderace|Cinderace, M|310\/310","|","|upkeep","|turn|7","|","|switch|p1a: Rotom|Rotom-Wash|304\/304","|move|p2a: Cinderace|U-turn|p1a: Rotom","|-damage|p1a: Rotom|243\/304","|","|switch|p2a: Toxapex|Toxapex, F|303\/303","|","|-heal|p1a: Rotom|262\/304|[from] item: Leftovers","|upkeep","|turn|8","|","|move|p1a: Rotom|Volt Switch|p2a: Toxapex","|-supereffective|p2a: Toxapex","|-damage|p2a: Toxapex|169\/303","|","|switch|p1a: Clefable|Clefable, F|346\/346","|move|p2a: Toxapex|Toxic|p1a: Clefable","|-status|p1a: Clefable|tox","|","|upkeep","|turn|9","|","|switch|p2a: Cinderace|Cinderace, M|310\/310","|move|p1a: Clefable|Thunderbolt|p2a: Cinderace","|-damage|p2a: Cinderace|154\/310","|","|upkeep","|turn|10","|","|move|p2a: Cinderace|Pyro Ball|p1a: Clefable|[miss]","|-miss|p2a: Cinderace|p1a: Clefable","|move|p1a: Clefable|Thunderbolt|p2a: Cinderace","|-damage|p2a: Cinderace|0 fnt","|faint|p2a: Cinderace","|","|upkeep","|","|switch|p2a: Ninetales|Ninetales, M|287\/287","|-weather|SunnyDay|[from] ability: Drought|[of] p2a: Ninetales","|turn|11","|","|move|p2a: Ninetales|Fire Blast|p1a: Clefable","|-damage|p1a: Clefable|102\/346 tox","|move|p1a: Clefable|Stealth Rock|p2a: Ninetales","|-sidestart26799|move: Stealth Rock","|","|-weather|SunnyDay|[upkeep]","|upkeep","|turn|12","|j| Upward Trend","|","|switch|p1a: Rotom|Rotom-Wash|262\/304","|move|p2a: Ninetales|Energy Ball|p1a: Rotom","|-supereffective|p1a: Rotom","|-damage|p1a: Rotom|130\/304","|-unboost|p1a: Rotom|spd|1","|","|-weather|SunnyDay|[upkeep]","|-heal|p1a: Rotom|149\/304|[from] item: Leftovers","|upkeep","|turn|13","|l| Upward Trend","|","|move|p1a: Rotom|Protect|p1a: Rotom","|-singleturn|p1a: Rotom|Protect","|move|p2a: Ninetales|Energy Ball|p1a: Rotom","|-activate|p1a: Rotom|move: Protect","|","|-weather|SunnyDay|[upkeep]","|-heal|p1a: Rotom|168\/304|[from] item: Leftovers","|upkeep","|turn|14","|","|switch|p1a: Mandibuzz|Mandibuzz, F|289\/423","|move|p2a: Ninetales|Energy Ball|p1a: Mandibuzz","|-resisted|p1a: Mandibuzz","|-damage|p1a: Mandibuzz|252\/423","|","|-weather|SunnyDay|[upkeep]","|upkeep","|turn|15","|","|switch|p2a: Toxapex|Toxapex, F|270\/303","|-damage|p2a: Toxapex|233\/303|[from] Stealth Rock","|switch|p1a: Rotom|Rotom-Wash|168\/304","|","|-weather|SunnyDay|[upkeep]","|-heal|p1a: Rotom|187\/304|[from] item: Leftovers","|upkeep","|turn|16","|","|move|p1a: Rotom|Volt Switch|p2a: Toxapex","|-supereffective|p2a: Toxapex","|-damage|p2a: Toxapex|101\/303","|","|switch|p1a: Clefable|Clefable, F|102\/346 tox","|move|p2a: Toxapex|Recover|p2a: Toxapex","|-heal|p2a: Toxapex|253\/303","|","|-weather|SunnyDay|[upkeep]","|upkeep","|turn|17","|j| lilpup800","|","|switch|p2a: Ninetales|Ninetales, M|287\/287","|-damage|p2a: Ninetales|216\/287|[from] Stealth Rock","|move|p1a: Clefable|Moonlight|p1a: Clefable","|-heal|p1a: Clefable|333\/346 tox","|","|-weather|SunnyDay|[upkeep]","|upkeep","|turn|18","|","|move|p2a: Ninetales|Nasty Plot|p2a: Ninetales","|-boost|p2a: Ninetales|spa|2","|move|p1a: Clefable|Moonlight|p1a: Clefable","|-heal|p1a: Clefable|346\/346 tox","|","|-weather|none","|upkeep","|turn|19","|j| how2noob101","|","|switch|p1a: Rotom|Rotom-Wash|187\/304","|move|p2a: Ninetales|Fire Blast|p1a: Rotom|[miss]","|-miss|p2a: Ninetales|p1a: Rotom","|","|-heal|p1a: Rotom|206\/304|[from] item: Leftovers","|upkeep","|turn|20","|","|move|p2a: Ninetales|Energy Ball|p1a: Rotom","|-supereffective|p1a: Rotom","|-crit|p1a: Rotom","|-damage|p1a: Rotom|0 fnt","|faint|p1a: Rotom","|","|upkeep","|","|switch|p1a: Dugtrio|Dugtrio, F|211\/211","|turn|21","|","|move|p1a: Dugtrio|Earthquake|p2a: Ninetales","|-supereffective|p2a: Ninetales","|-damage|p2a: Ninetales|0 fnt","|faint|p2a: Ninetales","|","|upkeep","|j| MakeFrogsStr8Again","|l| MakeFrogsStr8Again","|j| MrWhisketh","|j| sunspider","|j| lolsadhjsa","|j| Snappletun","|","|switch|p2a: Hatterene|Hatterene, F|211\/318","|-damage|p2a: Hatterene|172\/318|[from] Stealth Rock","|turn|22","|","|switch|p1a: Clefable|Clefable, F|346\/346 tox","|move|p2a: Hatterene|Draining Kiss|p1a: Clefable","|-damage|p1a: Clefable|234\/346 tox","|-heal|p2a: Hatterene|256\/318|[from] drain|[of] p1a: Clefable","|","|upkeep","|turn|23","|","|switch|p2a: Charizard|Charizard, F|297\/297","|-damage|p2a: Charizard|149\/297|[from] Stealth Rock","|move|p1a: Clefable|Moonblast|p2a: Charizard","|-resisted|p2a: Charizard","|-damage|p2a: Charizard|44\/297","|-unboost|p2a: Charizard|spa|1","|","|upkeep","|turn|24","|","|switch|p1a: Mandibuzz|Mandibuzz, F|252\/423","|move|p2a: Charizard|Fire Blast|p1a: Mandibuzz","|-damage|p1a: Mandibuzz|95\/423","|","|upkeep","|turn|25","|j| zzs is my goddess","|","|move|p2a: Charizard|Fire Blast|p1a: Mandibuzz","|-damage|p1a: Mandibuzz|0 fnt","|faint|p1a: Mandibuzz","|","|upkeep","|","|switch|p1a: Dugtrio|Dugtrio, F|211\/211","|turn|26","|j| technical\u221enuked","|","|move|p1a: Dugtrio|Rock Slide|p2a: Charizard","|-supereffective|p2a: Charizard","|-damage|p2a: Charizard|0 fnt","|faint|p2a: Charizard","|","|upkeep","|","|switch|p2a: Hatterene|Hatterene, F|256\/318","|-damage|p2a: Hatterene|217\/318|[from] Stealth Rock","|turn|27","|j| uygyugg","|","|switch|p1a: this shit lol|Darmanitan-Galar, M|351\/351","|move|p2a: Hatterene|Draining Kiss|p1a: this shit lol","|-damage|p1a: this shit lol|186\/351","|-heal|p2a: Hatterene|318\/318|[from] drain|[of] p1a: this shit lol","|","|upkeep","|turn|28","|","|move|p1a: this shit lol|U-turn|p2a: Hatterene","|-damage|p2a: Hatterene|175\/318","|","|switch|p1a: Clefable|Clefable, F|234\/346 tox","|move|p2a: Hatterene|Psychic|p1a: Clefable","|-damage|p1a: Clefable|41\/346 tox","|","|upkeep","|turn|29","|","|switch|p2a: Toxapex|Toxapex, F|303\/303","|-damage|p2a: Toxapex|266\/303|[from] Stealth Rock","|move|p1a: Clefable|Moonblast|p2a: Toxapex","|-resisted|p2a: Toxapex","|-damage|p2a: Toxapex|196\/303","|-unboost|p2a: Toxapex|spa|1","|","|upkeep","|turn|30","|","|switch|p2a: Shiftry|Shiftry, F|321\/321","|-damage|p2a: Shiftry|281\/321|[from] Stealth Rock","|move|p1a: Clefable|Moonblast|p2a: Shiftry","|-supereffective|p2a: Shiftry","|-damage|p2a: Shiftry|0 fnt","|faint|p2a: Shiftry","|","|upkeep","|-message|26799 forfeited.","|","|win|29220","|l|\u260626799","|raw|29220's rating: 1755 &rarr; <strong>1775<\/strong><br \/>(+20 for winning)","|raw|26799's rating: 1761 &rarr; <strong>1741<\/strong><br \/>(-20 for losing)",""],"p1":"29220","p1rating":1755,"p1team":[{"ability":"gorillatactics","evs":{"atk":252,"def":0,"hp":0,"spa":0,"spd":4,"spe":252},"happiness":160,"item":"choicescarf","ivs":{"atk":31,"def":31,"hp":31,"spa":31,"spd":31,"spe":31},"level":100,"moves":["flareblitz","uturn","earthquake","iciclecrash"],"name":"this shit lol","nature":"Jolly","species":"darmanitangalar"},{"ability":"levitate","evs":{"atk":0,"def":196,"hp":252,"spa":4,"spd":56,"spe":0},"gender":"N","happiness":160,"item":"leftovers","ivs":{"atk":0,"def":31,"hp":31,"spa":31,"spd":31,"spe":31},"level":100,"moves":["protect","voltswitch","hydropump","willowisp"],"name":"Rotom","nature":"Bold","species":"rotomwash"},{"ability":"overcoat","evs":{"atk":8,"def":132,"hp":248,"spa":0,"spd":120,"spe":0},"gender":"F","happiness":160,"item":"heavydutyboots","ivs":{"atk":31,"def":31,"hp":31,"spa":31,"spd":31,"spe":31},"level":100,"moves":["uturn","knockoff","roost","defog"],"name":"Mandibuzz","nature":"Impish","species":"Mandibuzz"},{"ability":"magicguard","evs":{"atk":0,"def":0,"hp":60,"spa":252,"spd":4,"spe":192},"happiness":160,"item":"lifeorb","ivs":{"atk":0,"def":31,"hp":31,"spa":31,"spd":31,"spe":31},"level":100,"moves":["stealthrock","moonlight","thunderbolt","moonblast"],"name":"Clefable","nature":"Modest","species":"Clefable"},{"ability":"stancechange","evs":{"atk":0,"def":0,"hp":252,"spa":4,"spd":252,"spe":0},"happiness":160,"item":"leftovers","ivs":{"atk":0,"def":31,"hp":31,"spa":31,"spd":31,"spe":31},"level":100,"moves":["shadowball","metalsound","flashcannon","kingsshield"],"name":"Aegislash","nature":"Calm","species":"Aegislash"},{"ability":"arenatrap","evs":{"atk":252,"def":0,"hp":0,"spa":0,"spd":4,"spe":252},"happiness":160,"item":"focussash","ivs":{"atk":31,"def":31,"hp":31,"spa":31,"spd":31,"spe":31},"level":100,"moves":["reversal","earthquake","suckerpunch","rockslide"],"name":"Dugtrio","nature":"Jolly","species":"Dugtrio"}],"p2":"26799","p2rating":1761,"p2team":[{"ability":"solarpower","evs":{"atk":0,"def":0,"hp":0,"spa":252,"spd":4,"spe":252},"happiness":160,"item":"choicespecs","ivs":{"atk":0,"def":31,"hp":31,"spa":31,"spd":31,"spe":31},"level":100,"moves":["fireblast","airslash","focusblast","solarbeam"],"name":"Charizard","nature":"Timid","species":"Charizard"},{"ability":"magicbounce","evs":{"atk":0,"def":0,"hp":252,"spa":252,"spd":4,"spe":0},"gender":"F","happiness":160,"item":"leftovers","ivs":{"atk":0,"def":31,"hp":31,"spa":31,"spd":31,"spe":31},"level":100,"moves":["calmmind","drainingkiss","psychic","mysticalfire"],"name":"Hatterene","nature":"Modest","species":"Hatterene"},{"ability":"regenerator","evs":{"atk":0,"def":252,"hp":248,"spa":0,"spd":8,"spe":0},"happiness":160,"item":"ejectbutton","ivs":{"atk":0,"def":31,"hp":31,"spa":31,"spd":31,"spe":31},"level":100,"moves":["toxic","scald","banefulbunker","recover"],"name":"Toxapex","nature":"Bold","species":"Toxapex"},{"ability":"blaze","evs":{"atk":252,"def":0,"hp":36,"spa":0,"spd":0,"spe":220},"happiness":160,"item":"heavydutyboots","ivs":{"atk":31,"def":31,"hp":31,"spa":31,"spd":31,"spe":31},"level":100,"moves":["suckerpunch","uturn","pyroball","courtchange"],"name":"Cinderace","nature":"Adamant","species":"Cinderace"},{"ability":"chlorophyll","evs":{"atk":252,"def":0,"hp":0,"spa":0,"spd":4,"spe":252},"happiness":160,"item":"lifeorb","ivs":{"atk":31,"def":31,"hp":31,"spa":31,"spd":31,"spe":31},"level":100,"moves":["swordsdance","solarblade","suckerpunch","throatchop"],"name":"Shiftry","nature":"Adamant","species":"Shiftry"},{"ability":"drought","evs":{"atk":0,"def":0,"hp":0,"spa":252,"spd":4,"spe":252},"happiness":160,"item":"heatrock","ivs":{"atk":0,"def":31,"hp":31,"spa":31,"spd":31,"spe":31},"level":100,"moves":["nastyplot","fireblast","extrasensory","energyball"],"name":"Ninetales","nature":"Timid","species":"Ninetales"}],"roomid":1018994,"score":[3,2],"seed":[17682,42364,15046,47783],"timestamp":"Sat Dec 28 2019 05:XX","turns":30,"winner":"29220","rated_battle":true,"average_rating":1758}