{"endType":"forfeit","format":"gen8ou","inputLog":[">version aa9f8c6b9cf4eca780a1296832ecd3b0009641e0",">version-origin 5e8529faaa5905c5f8e15eafaaefa806ee8c7d06",">start {\"formatid\":\"gen8ou\",\"seed\":[55547,64191,13776,56875],\"rated\":\"Rated battle\"}",">player p1 {\"\"name\":\"2709\",\"rating\":1326}",">player p2 {\"\"name\":\"27661\",\"rating\":1358}",">p1 team 5, 2, 3, 4, 1, 6",">p2 team 1, 2, 3, 4, 5, 6",">p1 move boltbeak",">p2 move stealthrock",">p2 switch 3",">p1 switch 2",">p2 move dracometeor",">p1 switch 6",">p1 move fishiousrend",">p2 move dracometeor",">p1 move fishiousrend",">p2 move dracometeor",">p1 switch 3",">p1 move liquidation",">p2 switch 4",">p2 switch 5",">p1 move liquidation",">p2 move machpunch",">p2 switch 2",">p1 move liquidation",">p2 move suckerpunch",">p1 switch 4",">p1 move stealthrock",">p2 switch 6",">p1 switch 2",">p2 move dragondance",">p1 move boltbeak",">p2 move earthquake"],"log":["|j|\u26062709","|j|\u260627661","|player|p1|2709|99|1326","|player|p2|27661|169|1358","|teamsize|p1|6","|teamsize|p2|6","|gametype|singles","|gen|8","|tier|[Gen 8] OU","|rated|","|rule|Sleep Clause Mod: Limit one foe put to sleep","|rule|Species Clause: Limit one of each Pok\u00e9mon","|rule|OHKO Clause: OHKO moves are banned","|rule|Evasion Moves Clause: Evasion moves are banned","|rule|Endless Battle Clause: Forcing endless battles is banned","|rule|HP Percentage Mod: HP is shown in percentages","|clearpoke","|poke|p1|Mantine, F|","|poke|p1|Pelipper, M|","|poke|p1|Barraskewda, M|","|poke|p1|Excadrill, F|","|poke|p1|Dracozolt|","|poke|p1|Dracovish|","|poke|p2|Mew|","|poke|p2|Bisharp, M|","|poke|p2|Hydreigon, M|","|poke|p2|Toxtricity, M|","|poke|p2|Conkeldurr, F|","|poke|p2|Gyarados, M|","|rule|Dynamax Clause: You cannot dynamax","|teampreview","|","|start","|switch|p1a: Red hot chili pepp|Dracozolt|322\/322","|switch|p2a: Mew|Mew|404\/404","|turn|1","|","|move|p2a: Mew|Stealth Rock|p1a: Red hot chili pepp","|-sidestart2709|move: Stealth Rock","|move|p1a: Red hot chili pepp|Bolt Beak|p2a: Mew","|-crit|p2a: Mew","|-damage|p2a: Mew|0 fnt","|faint|p2a: Mew","|","|upkeep","|","|switch|p2a: Hydreigon|Hydreigon, M|325\/325","|turn|2","|","|switch|p1a: raining men|Pelipper, M|324\/324","|-damage|p1a: raining men|243\/324|[from] Stealth Rock","|-weather|RainDance|[from] ability: Drizzle|[of] p1a: raining men","|move|p2a: Hydreigon|Draco Meteor|p1a: raining men","|-damage|p1a: raining men|0 fnt","|-unboost|p2a: Hydreigon|spa|2","|faint|p1a: raining men","|","|-weather|RainDance|[upkeep]","|upkeep","|","|switch|p1a: Mr fish|Dracovish|322\/322","|-damage|p1a: Mr fish|282\/322|[from] Stealth Rock","|turn|3","|","|move|p2a: Hydreigon|Draco Meteor|p1a: Mr fish","|-supereffective|p1a: Mr fish","|-damage|p1a: Mr fish|16\/322","|-unboost|p2a: Hydreigon|spa|2","|move|p1a: Mr fish|Fishious Rend|p2a: Hydreigon","|-resisted|p2a: Hydreigon","|-damage|p2a: Hydreigon|173\/325","|","|-weather|RainDance|[upkeep]","|upkeep","|turn|4","|","|move|p2a: Hydreigon|Draco Meteor|p1a: Mr fish","|-supereffective|p1a: Mr fish","|-damage|p1a: Mr fish|0 fnt","|-unboost|p2a: Hydreigon|spa|2","|faint|p1a: Mr fish","|","|-weather|RainDance|[upkeep]","|upkeep","|","|switch|p1a: Clash|Barraskewda, M|263\/263","|-damage|p1a: Clash|231\/263|[from] Stealth Rock","|turn|5","|","|switch|p2a: Toxtricity|Toxtricity, M|291\/291","|move|p1a: Clash|Liquidation|p2a: Toxtricity","|-damage|p2a: Toxtricity|0 fnt","|faint|p2a: Toxtricity","|","|-weather|RainDance|[upkeep]","|upkeep","|","|switch|p2a: Conkeldurr|Conkeldurr, F|414\/414","|turn|6","|","|move|p2a: Conkeldurr|Mach Punch|p1a: Clash","|-damage|p1a: Clash|107\/263","|move|p1a: Clash|Liquidation|p2a: Conkeldurr","|-crit|p2a: Conkeldurr","|-damage|p2a: Conkeldurr|0 fnt","|faint|p2a: Conkeldurr","|","|-weather|RainDance|[upkeep]","|upkeep","|","|switch|p2a: Bisharp|Bisharp, M|271\/271","|turn|7","|","|move|p2a: Bisharp|Sucker Punch|p1a: Clash","|-damage|p1a: Clash|0 fnt","|faint|p1a: Clash","|","|-weather|RainDance|[upkeep]","|upkeep","|","|switch|p1a: Excadrill|Excadrill, F|362\/362","|-damage|p1a: Excadrill|351\/362|[from] Stealth Rock","|-ability|p1a: Excadrill|Mold Breaker","|turn|8","|","|switch|p2a: Gyarados|Gyarados, M|331\/331","|move|p1a: Excadrill|Stealth Rock|p2a: Gyarados","|-sidestart27661|move: Stealth Rock","|","|-weather|RainDance|[upkeep]","|upkeep","|turn|9","|","|switch|p1a: Red hot chili pepp|Dracozolt|322\/322","|-damage|p1a: Red hot chili pepp|282\/322|[from] Stealth Rock","|move|p2a: Gyarados|Dragon Dance|p2a: Gyarados","|-boost|p2a: Gyarados|atk|1","|-boost|p2a: Gyarados|spe|1","|","|-weather|none","|upkeep","|turn|10","|","|move|p2a: Gyarados|Earthquake|p1a: Red hot chili pepp","|-supereffective|p1a: Red hot chili pepp","|-damage|p1a: Red hot chili pepp|0 fnt","|faint|p1a: Red hot chili pepp","|-ability|p2a: Gyarados|Moxie|boost","|-boost|p2a: Gyarados|atk|1","|","|upkeep","|-message|2709 forfeited.","|","|win|27661","|l|\u26062709","|l|\u260627661","|raw|2709's rating: 1307 &rarr; <strong>1290<\/strong><br \/>(-17 for losing)","|raw|27661's rating: 1358 &rarr; <strong>1375<\/strong><br \/>(+17 for winning)",""],"p1":"2709","p1rating":1326,"p1team":[{"ability":"swiftswim","evs":{"atk":0,"def":0,"hp":4,"spa":252,"spd":0,"spe":252},"happiness":160,"item":"lifeorb","ivs":{"atk":31,"def":31,"hp":31,"spa":31,"spd":31,"spe":31},"level":100,"moves":["hurricane","bulletseed","hydropump","tailwind"],"name":"Aquaman","nature":"Modest","species":"mantine"},{"ability":"drizzle","evs":{"atk":0,"def":124,"hp":252,"spa":0,"spd":132,"spe":0},"happiness":160,"item":"damprock","ivs":{"atk":31,"def":31,"hp":31,"spa":31,"spd":31,"spe":31},"level":100,"moves":["roost","scald","uturn","tailwind"],"name":"raining men","nature":"Bold","species":"pelipper"},{"ability":"swiftswim","evs":{"atk":252,"def":0,"hp":0,"spa":0,"spd":0,"spe":252},"happiness":160,"item":"choiceband","ivs":{"atk":31,"def":31,"hp":31,"spa":31,"spd":31,"spe":31},"level":100,"moves":["liquidation","closecombat","psychicfangs","poisonjab"],"name":"Clash","nature":"Adamant","species":"barraskewda"},{"ability":"moldbreaker","evs":{"atk":252,"def":0,"hp":4,"spa":0,"spd":0,"spe":252},"happiness":160,"item":"focussash","ivs":{"atk":31,"def":31,"hp":31,"spa":31,"spd":31,"spe":31},"level":100,"moves":["earthquake","ironhead","rapidspin","stealthrock"],"name":"Excadrill","nature":"Jolly","species":"Excadrill"},{"ability":"hustle","evs":{"atk":252,"def":0,"hp":4,"spa":0,"spd":0,"spe":252},"gender":"N","happiness":160,"item":"choiceband","ivs":{"atk":31,"def":31,"hp":31,"spa":31,"spd":31,"spe":31},"level":100,"moves":["boltbeak","dragonclaw","lowkick","earthquake"],"name":"Red hot chili pepp","nature":"Adamant","species":"dracozolt"},{"ability":"strongjaw","evs":{"atk":252,"def":0,"hp":4,"spa":0,"spd":0,"spe":252},"gender":"N","happiness":160,"item":"choicescarf","ivs":{"atk":31,"def":31,"hp":31,"spa":31,"spd":31,"spe":31},"level":100,"moves":["fishiousrend","outrage","lowkick","psychicfangs"],"name":"Mr fish","nature":"Jolly","species":"dracovish"}],"p2":"27661","p2rating":1358,"p2team":[{"ability":"synchronize","evs":{"atk":4,"def":0,"hp":252,"spa":0,"spd":0,"spe":252},"gender":"N","happiness":160,"item":"redcard","ivs":{"atk":31,"def":31,"hp":31,"spa":31,"spd":31,"spe":31},"level":100,"moves":["flareblitz","stealthrock","spikes","taunt"],"name":"Mew","nature":"Jolly","species":"Mew"},{"ability":"defiant","evs":{"atk":252,"def":0,"hp":0,"spa":0,"spd":4,"spe":252},"happiness":160,"item":"blackglasses","ivs":{"atk":31,"def":31,"hp":31,"spa":31,"spd":31,"spe":31},"level":100,"moves":["throatchop","suckerpunch","ironhead","swordsdance"],"name":"Bisharp","nature":"Adamant","species":"Bisharp"},{"ability":"levitate","evs":{"atk":0,"def":0,"hp":0,"spa":252,"spd":4,"spe":252},"happiness":160,"item":"choicescarf","ivs":{"atk":31,"def":31,"hp":31,"spa":31,"spd":31,"spe":31},"level":100,"moves":["dracometeor","darkpulse","fireblast","uturn"],"name":"Hydreigon","nature":"Timid","species":"Hydreigon"},{"ability":"punkrock","evs":{"atk":0,"def":0,"hp":0,"spa":252,"spd":4,"spe":252},"happiness":160,"item":"choicespecs","ivs":{"atk":0,"def":31,"hp":31,"spa":31,"spd":31,"spe":31},"level":100,"moves":["voltswitch","overdrive","boomburst","sludgewave"],"name":"Toxtricity","nature":"Timid","species":"Toxtricity"},{"ability":"guts","evs":{"atk":252,"def":0,"hp":252,"spa":0,"spd":0,"spe":4},"happiness":160,"item":"flameorb","ivs":{"atk":31,"def":31,"hp":31,"spa":31,"spd":31,"spe":31},"level":100,"moves":["drainpunch","machpunch","earthquake","thunderpunch"],"name":"Conkeldurr","nature":"","species":"Conkeldurr"},{"ability":"moxie","evs":{"atk":252,"def":0,"hp":0,"spa":0,"spd":4,"spe":252},"happiness":160,"item":"heavydutyboots","ivs":{"atk":31,"def":31,"hp":31,"spa":31,"spd":31,"spe":31},"level":100,"moves":["dragondance","waterfall","earthquake","bounce"],"name":"Gyarados","nature":"Adamant","species":"Gyarados"}],"roomid":1017423,"score":[2,3],"seed":[55547,64191,13776,56875],"timestamp":"Sat Dec 28 2019 22:XX","turns":10,"winner":"27661","rated_battle":true,"average_rating":1342}