{"endType":"forfeit","format":"gen8ou","inputLog":[">version aa9f8c6b9cf4eca780a1296832ecd3b0009641e0",">version-origin 5e8529faaa5905c5f8e15eafaaefa806ee8c7d06",">start {\"formatid\":\"gen8ou\",\"seed\":[6681,39151,3976,22879],\"rated\":\"Rated battle\"}",">player p1 {\"\"name\":\"23986\",\"rating\":1425}",">player p2 {\"\"name\":\"30152\",\"rating\":1448}",">p1 team 5, 2, 3, 4, 1, 6",">p2 team 6, 2, 3, 4, 5, 1",">p1 move toxic",">p2 move partingshot",">p2 switch 4",">p1 move foulplay",">p2 move uturn",">p2 switch 3",">p1 move foulplay",">p2 move uturn",">p2 switch 3",">p1 move foulplay",">p2 move uturn",">p2 switch 2",">p1 move foulplay",">p2 move dazzlinggleam"],"log":["|j|\u260623986","|j|\u260630152","|player|p1|23986|grimsley|1425","|player|p2|30152|279|1448","|teamsize|p1|6","|teamsize|p2|6","|gametype|singles","|gen|8","|tier|[Gen 8] OU","|rated|","|rule|Sleep Clause Mod: Limit one foe put to sleep","|rule|Species Clause: Limit one of each Pok\u00e9mon","|rule|OHKO Clause: OHKO moves are banned","|rule|Evasion Moves Clause: Evasion moves are banned","|rule|Endless Battle Clause: Forcing endless battles is banned","|rule|HP Percentage Mod: HP is shown in percentages","|clearpoke","|poke|p1|Darmanitan-Galar, M|","|poke|p1|Dragapult, F|","|poke|p1|Dugtrio, F|","|poke|p1|Mew|","|poke|p1|Mandibuzz, F|","|poke|p1|Milotic, F|","|poke|p2|Hawlucha, M|","|poke|p2|Espeon, M|","|poke|p2|Cinderace, M|","|poke|p2|Mandibuzz, F|","|poke|p2|Seismitoad, M|","|poke|p2|Obstagoon, M|","|rule|Dynamax Clause: You cannot dynamax","|teampreview","|","|start","|switch|p1a: Mandibuzz|Mandibuzz, F|424\/424","|switch|p2a: Obstagoon|Obstagoon, M|328\/328","|turn|1","|","|move|p2a: Obstagoon|Parting Shot|p1a: Mandibuzz","|-unboost|p1a: Mandibuzz|atk|1","|-unboost|p1a: Mandibuzz|spa|1","|","|switch|p2a: Mandibuzz|Mandibuzz, F|424\/424","|move|p1a: Mandibuzz|Toxic|p2a: Mandibuzz","|-status|p2a: Mandibuzz|tox","|","|-damage|p2a: Mandibuzz|398\/424 tox|[from] psn","|upkeep","|turn|2","|","|move|p2a: Mandibuzz|U-turn|p1a: Mandibuzz","|-damage|p1a: Mandibuzz|397\/424","|","|switch|p2a: Cinderace|Cinderace, M|301\/301","|move|p1a: Mandibuzz|Foul Play|p2a: Cinderace","|-damage|p2a: Cinderace|99\/301","|","|-heal|p1a: Mandibuzz|423\/424|[from] item: Leftovers","|upkeep","|turn|3","|","|move|p2a: Cinderace|U-turn|p1a: Mandibuzz","|-damage|p1a: Mandibuzz|342\/424","|","|switch|p2a: Mandibuzz|Mandibuzz, F|398\/424 tox","|move|p1a: Mandibuzz|Foul Play|p2a: Mandibuzz","|-resisted|p2a: Mandibuzz","|-damage|p2a: Mandibuzz|359\/424 tox","|","|-heal|p1a: Mandibuzz|368\/424|[from] item: Leftovers","|-damage|p2a: Mandibuzz|333\/424 tox|[from] psn","|upkeep","|turn|4","|","|move|p2a: Mandibuzz|U-turn|p1a: Mandibuzz","|-damage|p1a: Mandibuzz|342\/424","|","|switch|p2a: Espeon|Espeon, M|271\/271","|move|p1a: Mandibuzz|Foul Play|p2a: Espeon","|-supereffective|p2a: Espeon","|-damage|p2a: Espeon|107\/271","|","|-heal|p1a: Mandibuzz|368\/424|[from] item: Leftovers","|upkeep","|turn|5","|","|move|p2a: Espeon|Dazzling Gleam|p1a: Mandibuzz","|-supereffective|p1a: Mandibuzz","|-damage|p1a: Mandibuzz|70\/424","|move|p1a: Mandibuzz|Foul Play|p2a: Espeon","|-supereffective|p2a: Espeon","|-damage|p2a: Espeon|0 fnt","|faint|p2a: Espeon","|","|-heal|p1a: Mandibuzz|96\/424|[from] item: Leftovers","|upkeep","|-message|30152 forfeited.","|","|win|23986","|l|\u260630152","|raw|23986's rating: 1403 &rarr; <strong>1424<\/strong><br \/>(+21 for winning)","|raw|30152's rating: 1427 &rarr; <strong>1406<\/strong><br \/>(-21 for losing)",""],"p1":"23986","p1rating":1425,"p1team":[{"ability":"gorillatactics","evs":{"atk":252,"def":0,"hp":0,"spa":0,"spd":4,"spe":252},"happiness":160,"item":"choicescarf","ivs":{"atk":31,"def":31,"hp":31,"spa":31,"spd":31,"spe":31},"level":100,"moves":["iciclecrash","earthquake","flareblitz","brickbreak"],"name":"Darmanitan","nature":"Jolly","species":"darmanitangalar"},{"ability":"infiltrator","evs":{"atk":0,"def":0,"hp":248,"spa":8,"spd":0,"spe":252},"happiness":160,"item":"leftovers","ivs":{"atk":0,"def":31,"hp":31,"spa":31,"spd":31,"spe":31},"level":100,"moves":["hex","substitute","disable","willowisp"],"name":"Dragapult","nature":"Timid","species":"Dragapult"},{"ability":"arenatrap","evs":{"atk":252,"def":0,"hp":0,"spa":0,"spd":4,"spe":252},"happiness":160,"item":"focussash","ivs":{"atk":31,"def":31,"hp":31,"spa":31,"spd":31,"spe":31},"level":100,"moves":["earthquake","suckerpunch","stoneedge","stealthrock"],"name":"Dugtrio","nature":"Jolly","species":"Dugtrio"},{"ability":"synchronize","evs":{"atk":0,"def":0,"hp":0,"spa":252,"spd":4,"spe":252},"gender":"N","happiness":160,"item":"leftovers","ivs":{"atk":31,"def":31,"hp":31,"spa":31,"spd":31,"spe":31},"level":100,"moves":["nastyplot","psychic","flamethrower","flashcannon"],"name":"Mew","nature":"Timid","species":"Mew"},{"ability":"bigpecks","evs":{"atk":0,"def":252,"hp":252,"spa":0,"spd":4,"spe":0},"gender":"F","happiness":160,"item":"leftovers","ivs":{"atk":0,"def":31,"hp":31,"spa":31,"spd":31,"spe":31},"level":100,"moves":["defog","foulplay","roost","toxic"],"name":"Mandibuzz","nature":"Bold","species":"Mandibuzz"},{"ability":"marvelscale","evs":{"atk":0,"def":0,"hp":252,"spa":4,"spd":252,"spe":0},"happiness":160,"item":"leftovers","ivs":{"atk":0,"def":31,"hp":31,"spa":31,"spd":31,"spe":31},"level":100,"moves":["scald","recover","icebeam","haze"],"name":"Milotic","nature":"Calm","species":"Milotic"}],"p2":"30152","p2rating":1448,"p2team":[{"ability":"unburden","evs":{"atk":252,"def":0,"hp":192,"spa":0,"spd":0,"spe":64},"happiness":160,"item":"whiteherb","ivs":{"atk":31,"def":31,"hp":31,"spa":31,"spd":31,"spe":31},"level":100,"moves":["closecombat","swordsdance","taunt","acrobatics"],"name":"Hawlucha","nature":"Adamant","species":"Hawlucha"},{"ability":"magicbounce","evs":{"atk":0,"def":0,"hp":0,"spa":252,"spd":4,"spe":252},"happiness":160,"item":"choicespecs","ivs":{"atk":0,"def":31,"hp":31,"spa":31,"spd":31,"spe":31},"level":100,"moves":["psychic","dazzlinggleam","shadowball","futuresight"],"name":"Espeon","nature":"Timid","species":"Espeon"},{"ability":"blaze","evs":{"atk":252,"def":4,"hp":0,"spa":0,"spd":0,"spe":252},"happiness":160,"item":"choiceband","ivs":{"atk":31,"def":31,"hp":31,"spa":31,"spd":31,"spe":31},"level":100,"moves":["pyroball","highjumpkick","suckerpunch","uturn"],"name":"Cinderace","nature":"Jolly","species":"Cinderace"},{"ability":"overcoat","evs":{"atk":0,"def":4,"hp":252,"spa":0,"spd":252,"spe":0},"gender":"F","happiness":160,"item":"heavydutyboots","ivs":{"atk":31,"def":31,"hp":31,"spa":31,"spd":31,"spe":31},"level":100,"moves":["defog","roost","uturn","foulplay"],"name":"Mandibuzz","nature":"Careful","species":"Mandibuzz"},{"ability":"waterabsorb","evs":{"atk":0,"def":252,"hp":252,"spa":0,"spd":4,"spe":0},"happiness":160,"item":"leftovers","ivs":{"atk":0,"def":31,"hp":31,"spa":31,"spd":31,"spe":31},"level":100,"moves":["earthpower","scald","stealthrock","protect"],"name":"Seismitoad","nature":"Bold","species":"Seismitoad"},{"ability":"guts","evs":{"atk":252,"def":0,"hp":4,"spa":0,"spd":0,"spe":252},"happiness":160,"item":"choicescarf","ivs":{"atk":31,"def":31,"hp":31,"spa":31,"spd":31,"spe":31},"level":100,"moves":["knockoff","facade","closecombat","partingshot"],"name":"Obstagoon","nature":"Jolly","species":"Obstagoon"}],"roomid":100126,"score":[6,5],"seed":[6681,39151,3976,22879],"timestamp":"Mon Dec 30 2019 00:XX","turns":5,"winner":"23986","rated_battle":true,"average_rating":1436}