{"endType":"forfeit","format":"gen8ou","inputLog":[">version aa9f8c6b9cf4eca780a1296832ecd3b0009641e0",">version-origin 5e8529faaa5905c5f8e15eafaaefa806ee8c7d06",">start {\"formatid\":\"gen8ou\",\"seed\":[38659,39913,41752,55292],\"rated\":\"Rated battle\"}",">player p1 {\"\"name\":\"30872\",\"rating\":1255}",">player p2 {\"\"name\":\"41391\",\"rating\":1263}",">p1 team 2, 1, 3, 4, 5, 6",">p2 team 6, 2, 3, 4, 5, 1",">p1 move stealthrock",">p2 move trick",">p1 switch 4",">p2 move trick",">p1 move uturn",">p2 switch 3",">p1 switch 3",">p1 move swordsdance",">p2 move earthquake",">p1 move earthquake",">p2 move scald",">p1 switch 6",">p1 move shadowball",">p2 move stealthrock",">p2 switch 6",">p1 switch 2",">p2 move substitute",">p1 move nightshade",">p2 move swordsdance",">p1 switch 4",">p2 move substitute",">p1 move earthquake",">p2 move ironhead",">p1 switch 4",">p1 move taunt",">p2 move suckerpunch",">p1 move nightshade",">p2 move ironhead",">p1 move willowisp",">p2 move ironhead",">p1 move strengthsap",">p2 move ironhead",">p1 move strengthsap",">p2 move substitute",">p1 move taunt",">p2 move suckerpunch",">p1 move willowisp",">p2 move suckerpunch",">p1 move strengthsap",">p2 move ironhead",">p1 move willowisp",">p2 move suckerpunch",">p1 move taunt",">p2 move swordsdance",">p1 move nightshade",">p2 move ironhead",">p1 move nightshade",">p2 move ironhead",">p1 switch 2",">p1 switch 3",">p2 move suckerpunch",">p1 move uturn",">p2 move ironhead",">p1 switch 5",">p1 switch 3"],"log":["|j|\u260630872","|j|\u260641391","|player|p1|30872|nanu|1255","|player|p2|41391|266|1263","|teamsize|p1|6","|teamsize|p2|6","|gametype|singles","|gen|8","|tier|[Gen 8] OU","|rated|","|rule|Sleep Clause Mod: Limit one foe put to sleep","|rule|Species Clause: Limit one of each Pok\u00e9mon","|rule|OHKO Clause: OHKO moves are banned","|rule|Evasion Moves Clause: Evasion moves are banned","|rule|Endless Battle Clause: Forcing endless battles is banned","|rule|HP Percentage Mod: HP is shown in percentages","|clearpoke","|poke|p1|Jellicent, F|","|poke|p1|Tyranitar, F|","|poke|p1|Excadrill, F|","|poke|p1|Mandibuzz, F|","|poke|p1|Hatterene, F|","|poke|p1|Dragapult, F|","|poke|p2|Bisharp, M|","|poke|p2|Araquanid, F|","|poke|p2|Seismitoad, F|","|poke|p2|Dracozolt|","|poke|p2|Hawlucha, M|","|poke|p2|Chandelure, M|","|rule|Dynamax Clause: You cannot dynamax","|teampreview","|","|start","|switch|p1a: Tyranitar|Tyranitar, F|404\/404","|switch|p2a: Chandelure|Chandelure, M|261\/261","|-weather|Sandstorm|[from] ability: Sand Stream|[of] p1a: Tyranitar","|turn|1","|","|move|p2a: Chandelure|Trick|p1a: Tyranitar","|-activate|p2a: Chandelure|move: Trick|[of] p1a: Tyranitar","|-item|p1a: Tyranitar|Choice Specs|[from] move: Trick","|-item|p2a: Chandelure|Smooth Rock|[from] move: Trick","|move|p1a: Tyranitar|Stealth Rock|p2a: Chandelure","|-sidestart41391|move: Stealth Rock","|","|-weather|Sandstorm|[upkeep]","|-damage|p2a: Chandelure|245\/261|[from] Sandstorm","|upkeep","|turn|2","|","|switch|p1a: Mandibuzz|Mandibuzz, F|424\/424","|move|p2a: Chandelure|Trick|p1a: Mandibuzz","|-activate|p2a: Chandelure|move: Trick|[of] p1a: Mandibuzz","|-item|p1a: Mandibuzz|Smooth Rock|[from] move: Trick","|-item|p2a: Chandelure|Heavy-Duty Boots|[from] move: Trick","|","|-weather|Sandstorm|[upkeep]","|-damage|p2a: Chandelure|229\/261|[from] Sandstorm","|upkeep","|turn|3","|","|switch|p2a: Seismitoad|Seismitoad, F|414\/414","|-damage|p2a: Seismitoad|389\/414|[from] Stealth Rock","|move|p1a: Mandibuzz|U-turn|p2a: Seismitoad","|-damage|p2a: Seismitoad|355\/414","|","|switch|p1a: Excadrill|Excadrill, F|361\/361","|","|-weather|Sandstorm|[upkeep]","|-heal|p2a: Seismitoad|380\/414|[from] item: Leftovers","|upkeep","|turn|4","|","|move|p1a: Excadrill|Swords Dance|p1a: Excadrill","|-boost|p1a: Excadrill|atk|2","|move|p2a: Seismitoad|Earthquake|p1a: Excadrill","|-supereffective|p1a: Excadrill","|-damage|p1a: Excadrill|29\/361","|","|-weather|Sandstorm|[upkeep]","|-heal|p1a: Excadrill|51\/361|[from] item: Leftovers","|-heal|p2a: Seismitoad|405\/414|[from] item: Leftovers","|upkeep","|turn|5","|","|move|p1a: Excadrill|Earthquake|p2a: Seismitoad","|-damage|p2a: Seismitoad|41\/414","|move|p2a: Seismitoad|Scald|p1a: Excadrill","|-supereffective|p1a: Excadrill","|-damage|p1a: Excadrill|0 fnt","|faint|p1a: Excadrill","|","|-weather|Sandstorm|[upkeep]","|-heal|p2a: Seismitoad|66\/414|[from] item: Leftovers","|upkeep","|","|switch|p1a: Dragapult|Dragapult, F|317\/317","|turn|6","|","|move|p1a: Dragapult|Shadow Ball|p2a: Seismitoad","|-crit|p2a: Seismitoad","|-damage|p2a: Seismitoad|0 fnt","|faint|p2a: Seismitoad","|","|-weather|Sandstorm|[upkeep]","|-damage|p1a: Dragapult|298\/317|[from] Sandstorm","|upkeep","|","|switch|p2a: Bisharp|Bisharp, M|333\/333","|-damage|p2a: Bisharp|313\/333|[from] Stealth Rock","|turn|7","|","|switch|p1a: Jellicent|Jellicent, F|404\/404","|move|p2a: Bisharp|Substitute|p2a: Bisharp","|-start|p2a: Bisharp|Substitute","|-damage|p2a: Bisharp|230\/333","|","|-weather|Sandstorm|[upkeep]","|-damage|p1a: Jellicent|379\/404|[from] Sandstorm","|-heal|p2a: Bisharp|250\/333|[from] item: Leftovers","|-heal|p1a: Jellicent|404\/404|[from] item: Leftovers","|upkeep","|turn|8","|","|move|p2a: Bisharp|Swords Dance|p2a: Bisharp","|-boost|p2a: Bisharp|atk|2","|move|p1a: Jellicent|Night Shade|p2a: Bisharp","|-end|p2a: Bisharp|Substitute","|","|-weather|none","|-heal|p2a: Bisharp|270\/333|[from] item: Leftovers","|upkeep","|turn|9","|","|switch|p1a: Tyranitar|Tyranitar, F|404\/404","|-weather|Sandstorm|[from] ability: Sand Stream|[of] p1a: Tyranitar","|move|p2a: Bisharp|Substitute|p2a: Bisharp","|-start|p2a: Bisharp|Substitute","|-damage|p2a: Bisharp|187\/333","|","|-weather|Sandstorm|[upkeep]","|-heal|p2a: Bisharp|207\/333|[from] item: Leftovers","|upkeep","|turn|10","|","|move|p2a: Bisharp|Iron Head|p1a: Tyranitar","|-supereffective|p1a: Tyranitar","|-damage|p1a: Tyranitar|0 fnt","|faint|p1a: Tyranitar","|","|-weather|Sandstorm|[upkeep]","|-heal|p2a: Bisharp|227\/333|[from] item: Leftovers","|upkeep","|","|switch|p1a: Jellicent|Jellicent, F|404\/404","|turn|11","|","|move|p2a: Bisharp|Sucker Punch||[still]","|-fail|p2a: Bisharp","|move|p1a: Jellicent|Taunt|p2a: Bisharp","|-start|p2a: Bisharp|move: Taunt","|","|-weather|Sandstorm|[upkeep]","|-damage|p1a: Jellicent|379\/404|[from] Sandstorm","|-heal|p2a: Bisharp|247\/333|[from] item: Leftovers","|-heal|p1a: Jellicent|404\/404|[from] item: Leftovers","|upkeep","|turn|12","|","|move|p2a: Bisharp|Iron Head|p1a: Jellicent","|-resisted|p1a: Jellicent","|-damage|p1a: Jellicent|252\/404","|move|p1a: Jellicent|Night Shade|p2a: Bisharp","|-end|p2a: Bisharp|Substitute","|","|-weather|Sandstorm|[upkeep]","|-damage|p1a: Jellicent|227\/404|[from] Sandstorm","|-heal|p2a: Bisharp|267\/333|[from] item: Leftovers","|-heal|p1a: Jellicent|252\/404|[from] item: Leftovers","|upkeep","|turn|13","|","|move|p2a: Bisharp|Iron Head|p1a: Jellicent","|-resisted|p1a: Jellicent","|-damage|p1a: Jellicent|99\/404","|move|p1a: Jellicent|Will-O-Wisp|p2a: Bisharp","|-status|p2a: Bisharp|brn","|","|-weather|none","|-heal|p2a: Bisharp|287\/333 brn|[from] item: Leftovers","|-heal|p1a: Jellicent|124\/404|[from] item: Leftovers","|-damage|p2a: Bisharp|267\/333 brn|[from] brn","|upkeep","|turn|14","|","|move|p2a: Bisharp|Iron Head|p1a: Jellicent","|-resisted|p1a: Jellicent","|-damage|p1a: Jellicent|57\/404","|cant|p1a: Jellicent|flinch","|","|-heal|p2a: Bisharp|287\/333 brn|[from] item: Leftovers","|-heal|p1a: Jellicent|82\/404|[from] item: Leftovers","|-damage|p2a: Bisharp|267\/333 brn|[from] brn","|-end|p2a: Bisharp|move: Taunt","|upkeep","|turn|15","|","|move|p2a: Bisharp|Substitute|p2a: Bisharp","|-start|p2a: Bisharp|Substitute","|-damage|p2a: Bisharp|184\/333 brn","|move|p1a: Jellicent|Strength Sap||[still]","|-fail|p1a: Jellicent","|","|-heal|p2a: Bisharp|204\/333 brn|[from] item: Leftovers","|-heal|p1a: Jellicent|107\/404|[from] item: Leftovers","|-damage|p2a: Bisharp|184\/333 brn|[from] brn","|upkeep","|turn|16","|","|move|p2a: Bisharp|Sucker Punch||[still]","|-fail|p2a: Bisharp","|move|p1a: Jellicent|Taunt|p2a: Bisharp","|-start|p2a: Bisharp|move: Taunt","|","|-heal|p2a: Bisharp|204\/333 brn|[from] item: Leftovers","|-heal|p1a: Jellicent|132\/404|[from] item: Leftovers","|-damage|p2a: Bisharp|184\/333 brn|[from] brn","|upkeep","|turn|17","|","|move|p2a: Bisharp|Sucker Punch||[still]","|-fail|p2a: Bisharp","|move|p1a: Jellicent|Will-O-Wisp||[still]","|-fail|p1a: Jellicent","|","|-heal|p2a: Bisharp|204\/333 brn|[from] item: Leftovers","|-heal|p1a: Jellicent|157\/404|[from] item: Leftovers","|-damage|p2a: Bisharp|184\/333 brn|[from] brn","|upkeep","|turn|18","|","|move|p2a: Bisharp|Iron Head|p1a: Jellicent","|-resisted|p1a: Jellicent","|-damage|p1a: Jellicent|81\/404","|move|p1a: Jellicent|Strength Sap||[still]","|-fail|p1a: Jellicent","|","|-heal|p2a: Bisharp|204\/333 brn|[from] item: Leftovers","|-heal|p1a: Jellicent|106\/404|[from] item: Leftovers","|-damage|p2a: Bisharp|184\/333 brn|[from] brn","|upkeep","|turn|19","|","|move|p2a: Bisharp|Sucker Punch||[still]","|-fail|p2a: Bisharp","|move|p1a: Jellicent|Will-O-Wisp||[still]","|-fail|p1a: Jellicent","|","|-heal|p2a: Bisharp|204\/333 brn|[from] item: Leftovers","|-heal|p1a: Jellicent|131\/404|[from] item: Leftovers","|-damage|p2a: Bisharp|184\/333 brn|[from] brn","|-end|p2a: Bisharp|move: Taunt","|upkeep","|turn|20","|","|move|p2a: Bisharp|Swords Dance|p2a: Bisharp","|-boost|p2a: Bisharp|atk|2","|move|p1a: Jellicent|Taunt|p2a: Bisharp","|-start|p2a: Bisharp|move: Taunt","|","|-heal|p2a: Bisharp|204\/333 brn|[from] item: Leftovers","|-heal|p1a: Jellicent|156\/404|[from] item: Leftovers","|-damage|p2a: Bisharp|184\/333 brn|[from] brn","|upkeep","|turn|21","|","|move|p2a: Bisharp|Iron Head|p1a: Jellicent","|-resisted|p1a: Jellicent","|-damage|p1a: Jellicent|39\/404","|cant|p1a: Jellicent|flinch","|","|-heal|p2a: Bisharp|204\/333 brn|[from] item: Leftovers","|-heal|p1a: Jellicent|64\/404|[from] item: Leftovers","|-damage|p2a: Bisharp|184\/333 brn|[from] brn","|upkeep","|turn|22","|","|move|p2a: Bisharp|Iron Head|p1a: Jellicent","|-resisted|p1a: Jellicent","|-damage|p1a: Jellicent|0 fnt","|faint|p1a: Jellicent","|","|-heal|p2a: Bisharp|204\/333 brn|[from] item: Leftovers","|-damage|p2a: Bisharp|184\/333 brn|[from] brn","|upkeep","|","|switch|p1a: Dragapult|Dragapult, F|298\/317","|turn|23","|","|switch|p1a: Mandibuzz|Mandibuzz, F|424\/424","|move|p2a: Bisharp|Sucker Punch||[still]","|-fail|p2a: Bisharp","|","|-heal|p2a: Bisharp|204\/333 brn|[from] item: Leftovers","|-damage|p2a: Bisharp|184\/333 brn|[from] brn","|-end|p2a: Bisharp|move: Taunt","|upkeep","|turn|24","|","|move|p1a: Mandibuzz|U-turn|p2a: Bisharp","|-activate|p2a: Bisharp|move: Substitute|[damage]","|","|switch|p1a: Hatterene|Hatterene, F|318\/318","|move|p2a: Bisharp|Iron Head|p1a: Hatterene","|-supereffective|p1a: Hatterene","|-damage|p1a: Hatterene|0 fnt","|faint|p1a: Hatterene","|","|-heal|p2a: Bisharp|204\/333 brn|[from] item: Leftovers","|-damage|p2a: Bisharp|184\/333 brn|[from] brn","|upkeep","|","|switch|p1a: Dragapult|Dragapult, F|298\/317","|turn|25","|-message|30872 forfeited.","|","|win|41391","|l|\u260630872","|l|\u260641391","|raw|30872's rating: 1255 &rarr; <strong>1231<\/strong><br \/>(-24 for losing)","|raw|41391's rating: 1263 &rarr; <strong>1287<\/strong><br \/>(+24 for winning)",""],"p1":"30872","p1rating":1255,"p1team":[{"ability":"waterabsorb","evs":{"atk":0,"def":196,"hp":252,"spa":0,"spd":0,"spe":60},"happiness":160,"item":"leftovers","ivs":{"atk":0,"def":31,"hp":31,"spa":31,"spd":31,"spe":31},"level":100,"moves":["nightshade","strengthsap","taunt","willowisp"],"name":"Jellicent","nature":"Bold","species":"Jellicent"},{"ability":"sandstream","evs":{"atk":0,"def":4,"hp":252,"spa":0,"spd":252,"spe":0},"happiness":160,"item":"smoothrock","ivs":{"atk":31,"def":31,"hp":31,"spa":31,"spd":31,"spe":31},"level":100,"moves":["stealthrock","earthquake","flamethrower","icebeam"],"name":"Tyranitar","nature":"Sassy","species":"Tyranitar"},{"ability":"sandrush","evs":{"atk":252,"def":0,"hp":0,"spa":0,"spd":4,"spe":252},"happiness":160,"item":"leftovers","ivs":{"atk":31,"def":31,"hp":31,"spa":31,"spd":31,"spe":31},"level":100,"moves":["earthquake","swordsdance","ironhead","rockslide"],"name":"Excadrill","nature":"Adamant","species":"Excadrill"},{"ability":"overcoat","evs":{"atk":32,"def":0,"hp":252,"spa":0,"spd":224,"spe":0},"gender":"F","happiness":160,"item":"heavydutyboots","ivs":{"atk":31,"def":31,"hp":31,"spa":31,"spd":31,"spe":31},"level":100,"moves":["round","defog","uturn","knockoff"],"name":"Mandibuzz","nature":"Careful","species":"Mandibuzz"},{"ability":"magicbounce","evs":{"atk":0,"def":204,"hp":252,"spa":0,"spd":0,"spe":52},"gender":"F","happiness":160,"item":"leftovers","ivs":{"atk":0,"def":31,"hp":31,"spa":31,"spd":31,"spe":31},"level":100,"moves":["calmmind","drainingkiss","psyshock","mysticalfire"],"name":"Hatterene","nature":"Bold","species":"Hatterene"},{"ability":"infiltrator","evs":{"atk":0,"def":0,"hp":0,"spa":252,"spd":4,"spe":252},"happiness":160,"item":"choicespecs","ivs":{"atk":31,"def":31,"hp":31,"spa":31,"spd":31,"spe":31},"level":100,"moves":["dracometeor","shadowball","uturn","fireblast"],"name":"Dragapult","nature":"Timid","species":"Dragapult"}],"p2":"41391","p2rating":1263,"p2team":[{"ability":"defiant","evs":{"atk":252,"def":0,"hp":248,"spa":0,"spd":8,"spe":0},"happiness":160,"item":"leftovers","ivs":{"atk":31,"def":31,"hp":31,"spa":31,"spd":31,"spe":31},"level":100,"moves":["swordsdance","substitute","suckerpunch","ironhead"],"name":"Bisharp","nature":"Adamant","species":"Bisharp"},{"ability":"waterbubble","evs":{"atk":172,"def":0,"hp":252,"spa":0,"spd":4,"spe":0},"happiness":160,"item":"leftovers","ivs":{"atk":31,"def":31,"hp":31,"spa":31,"spd":31,"spe":31},"level":100,"moves":["stickyweb","mirrorcoat","liquidation","leechlife"],"name":"Araquanid","nature":"Adamant","species":"Araquanid"},{"ability":"waterabsorb","evs":{"atk":4,"def":252,"hp":252,"spa":0,"spd":0,"spe":0},"happiness":160,"item":"leftovers","ivs":{"atk":31,"def":31,"hp":31,"spa":31,"spd":31,"spe":31},"level":100,"moves":["stealthrock","toxic","scald","earthquake"],"name":"Seismitoad","nature":"Impish","species":"Seismitoad"},{"ability":"hustle","evs":{"atk":252,"def":0,"hp":0,"spa":0,"spd":4,"spe":252},"gender":"N","happiness":160,"item":"choicescarf","ivs":{"atk":31,"def":31,"hp":31,"spa":31,"spd":31,"spe":31},"level":100,"moves":["boltbeak","earthquake","dragonclaw","aerialace"],"name":"Dracozolt","nature":"Jolly","species":"Dracozolt"},{"ability":"unburden","evs":{"atk":252,"def":0,"hp":0,"spa":0,"spd":4,"spe":252},"happiness":160,"item":"powerherb","ivs":{"atk":31,"def":31,"hp":31,"spa":31,"spd":31,"spe":31},"level":100,"moves":["swordsdance","skyattack","closecombat","thunderpunch"],"name":"Hawlucha","nature":"Adamant","species":"Hawlucha"},{"ability":"infiltrator","evs":{"atk":0,"def":0,"hp":0,"spa":252,"spd":4,"spe":252},"happiness":160,"item":"choicespecs","ivs":{"atk":0,"def":31,"hp":31,"spa":31,"spd":31,"spe":31},"level":100,"moves":["shadowball","energyball","fireblast","trick"],"name":"Chandelure","nature":"Timid","species":"Chandelure"}],"roomid":1022968,"score":[2,5],"seed":[38659,39913,41752,55292],"timestamp":"Sat Dec 28 2019 20:XX","turns":25,"winner":"41391","rated_battle":true,"average_rating":1259}