{"endType":"normal","format":"gen8ou","inputLog":[">version aa9f8c6b9cf4eca780a1296832ecd3b0009641e0",">version-origin 5e8529faaa5905c5f8e15eafaaefa806ee8c7d06",">start {\"formatid\":\"gen8ou\",\"seed\":[15693,38239,3081,54493],\"rated\":\"Rated battle\"}",">player p1 {\"\"name\":\"66735\",\"rating\":1637}",">player p2 {\"\"name\":\"35527\",\"rating\":1631}",">p1 team 1, 2, 3, 4, 5, 6",">p2 team 3, 2, 1, 4, 5, 6",">p1 switch 2",">p2 move shadowball",">p1 move spikes",">p2 move shadowball",">p1 switch 4",">p2 move shadowball",">p1 move knockoff",">p2 switch 6",">p2 switch 2",">p1 switch 2",">p2 move playrough",">p1 move uturn",">p2 switch 6",">p1 switch 5",">p1 move stoneedge",">p2 switch 4",">p1 move liquidation",">p2 switch 5",">p2 switch 4",">p1 switch 5",">p2 move dracometeor",">p1 switch 3",">p1 move dragondance",">p2 move dracometeor",">p1 move earthquake",">p2 switch 5",">p1 move waterfall",">p2 move darkpulse",">p2 switch 6",">p1 move waterfall",">p2 move swordsdance",">p1 move waterfall",">p2 move shadowsneak",">p2 switch 3",">p1 move waterfall",">p2 move shadowsneak",">p1 switch 5",">p1 move liquidation",">p2 move ironhead",">p2 switch 5",">p1 move earthquake",">p2 move dracometeor"],"log":["|j|\u260666735","|j|\u260635527","|player|p1|66735|blue-gen2|1637","|player|p2|35527|2|1631","|teamsize|p1|6","|teamsize|p2|6","|gametype|singles","|gen|8","|tier|[Gen 8] OU","|rated|","|rule|Sleep Clause Mod: Limit one foe put to sleep","|rule|Species Clause: Limit one of each Pok\u00e9mon","|rule|OHKO Clause: OHKO moves are banned","|rule|Evasion Moves Clause: Evasion moves are banned","|rule|Endless Battle Clause: Forcing endless battles is banned","|rule|HP Percentage Mod: HP is shown in percentages","|clearpoke","|poke|p1|Pelipper, M|","|poke|p1|Ferrothorn, F|","|poke|p1|Gyarados, M|","|poke|p1|Obstagoon, F|","|poke|p1|Drednaw, F|","|poke|p1|Dragapult, F|","|poke|p2|Aegislash, M|","|poke|p2|Mimikyu, F|","|poke|p2|Dragapult, F|","|poke|p2|Hydreigon, F|","|poke|p2|Diggersby, F|","|poke|p2|Excadrill, F|","|rule|Dynamax Clause: You cannot dynamax","|teampreview","|","|start","|switch|p1a: Pelipper|Pelipper, M|324\/324","|switch|p2a: Dragapult|Dragapult, F|317\/317","|-weather|RainDance|[from] ability: Drizzle|[of] p1a: Pelipper","|turn|1","|","|switch|p1a: Ferrothorn|Ferrothorn, F|352\/352","|move|p2a: Dragapult|Shadow Ball|p1a: Ferrothorn","|-damage|p1a: Ferrothorn|202\/352","|","|-weather|RainDance|[upkeep]","|-heal|p1a: Ferrothorn|224\/352|[from] item: Leftovers","|upkeep","|turn|2","|","|move|p2a: Dragapult|Shadow Ball|p1a: Ferrothorn","|-damage|p1a: Ferrothorn|70\/352","|move|p1a: Ferrothorn|Spikes|p2a: Dragapult","|-sidestart35527|Spikes","|","|-weather|RainDance|[upkeep]","|-heal|p1a: Ferrothorn|92\/352|[from] item: Leftovers","|upkeep","|turn|3","|","|switch|p1a: Obstagoon|Obstagoon, F|327\/327","|move|p2a: Dragapult|Shadow Ball|p1a: Obstagoon","|-immune|p1a: Obstagoon","|","|-weather|RainDance|[upkeep]","|-status|p1a: Obstagoon|brn|[from] item: Flame Orb","|upkeep","|turn|4","|","|switch|p2a: Excadrill|Excadrill, F|361\/361","|-damage|p2a: Excadrill|316\/361|[from] Spikes","|-ability|p2a: Excadrill|Mold Breaker","|move|p1a: Obstagoon|Knock Off|p2a: Excadrill","|-damage|p2a: Excadrill|0 fnt","|-enditem|p2a: Excadrill|Focus Sash|[from] move: Knock Off|[of] p1a: Obstagoon","|faint|p2a: Excadrill","|","|-weather|RainDance|[upkeep]","|-damage|p1a: Obstagoon|307\/327 brn|[from] brn","|upkeep","|","|switch|p2a: Mimikyu|Mimikyu, F|251\/251","|-damage|p2a: Mimikyu|220\/251|[from] Spikes","|turn|5","|","|switch|p1a: Pelipper|Pelipper, M|324\/324","|move|p2a: Mimikyu|Play Rough|p1a: Pelipper","|-damage|p1a: Pelipper|207\/324","|-damage|p2a: Mimikyu|195\/251|[from] item: Life Orb","|","|-weather|RainDance|[upkeep]","|upkeep","|turn|6","|","|switch|p2a: Dragapult|Dragapult, F|317\/317","|-damage|p2a: Dragapult|278\/317|[from] Spikes","|move|p1a: Pelipper|U-turn|p2a: Dragapult","|-resisted|p2a: Dragapult","|-damage|p2a: Dragapult|261\/317","|","|switch|p1a: Drednaw|Drednaw, F|321\/321","|","|-weather|RainDance|[upkeep]","|upkeep","|turn|7","|","|switch|p2a: Hydreigon|Hydreigon, F|325\/325","|move|p1a: Drednaw|Stone Edge|p2a: Hydreigon","|-damage|p2a: Hydreigon|74\/325","|-damage|p1a: Drednaw|289\/321|[from] item: Life Orb","|","|-weather|RainDance|[upkeep]","|-heal|p2a: Hydreigon|94\/325|[from] item: Leftovers","|upkeep","|turn|8","|","|switch|p2a: Diggersby|Diggersby, F|311\/311","|-damage|p2a: Diggersby|273\/311|[from] Spikes","|move|p1a: Drednaw|Liquidation|p2a: Diggersby","|-supereffective|p2a: Diggersby","|-damage|p2a: Diggersby|0 fnt","|-damage|p1a: Drednaw|257\/321|[from] item: Life Orb","|faint|p2a: Diggersby","|","|-weather|none","|upkeep","|","|switch|p2a: Dragapult|Dragapult, F|261\/317","|-damage|p2a: Dragapult|222\/317|[from] Spikes","|turn|9","|","|switch|p1a: Pelipper|Pelipper, M|207\/324","|-weather|RainDance|[from] ability: Drizzle|[of] p1a: Pelipper","|move|p2a: Dragapult|Draco Meteor|p1a: Pelipper","|-damage|p1a: Pelipper|0 fnt","|-unboost|p2a: Dragapult|spa|2","|faint|p1a: Pelipper","|","|-weather|RainDance|[upkeep]","|upkeep","|","|switch|p1a: Gyarados|Gyarados, M|331\/331","|turn|10","|","|move|p2a: Dragapult|Draco Meteor|p1a: Gyarados","|-damage|p1a: Gyarados|178\/331","|-unboost|p2a: Dragapult|spa|2","|move|p1a: Gyarados|Dragon Dance|p1a: Gyarados","|-boost|p1a: Gyarados|atk|1","|-boost|p1a: Gyarados|spe|1","|","|-weather|RainDance|[upkeep]","|upkeep","|turn|11","|","|switch|p2a: Hydreigon|Hydreigon, F|94\/325","|move|p1a: Gyarados|Earthquake|p2a: Hydreigon","|-immune|p2a: Hydreigon|[from] ability: Levitate","|","|-weather|RainDance|[upkeep]","|-heal|p2a: Hydreigon|114\/325|[from] item: Leftovers","|upkeep","|turn|12","|","|move|p1a: Gyarados|Waterfall|p2a: Hydreigon","|-resisted|p2a: Hydreigon","|-damage|p2a: Hydreigon|0 fnt","|faint|p2a: Hydreigon","|-ability|p1a: Gyarados|Moxie|boost","|-boost|p1a: Gyarados|atk|1","|","|-weather|RainDance|[upkeep]","|upkeep","|","|switch|p2a: Mimikyu|Mimikyu, F|195\/251","|-damage|p2a: Mimikyu|164\/251|[from] Spikes","|turn|13","|","|move|p1a: Gyarados|Waterfall|p2a: Mimikyu","|-activate|p2a: Mimikyu|ability: Disguise","|-damage|p2a: Mimikyu|164\/251","|detailschange|p2a: Mimikyu|Mimikyu-Busted, F","|-damage|p2a: Mimikyu|133\/251|[from] ability: Disguise|[of] p2a: Mimikyu","|move|p2a: Mimikyu|Swords Dance|p2a: Mimikyu","|-boost|p2a: Mimikyu|atk|2","|","|-weather|RainDance|[upkeep]","|upkeep","|turn|14","|","|move|p2a: Mimikyu|Shadow Sneak|p1a: Gyarados","|-damage|p1a: Gyarados|13\/331","|-damage|p2a: Mimikyu|108\/251|[from] item: Life Orb","|move|p1a: Gyarados|Waterfall|p2a: Mimikyu","|-damage|p2a: Mimikyu|0 fnt","|faint|p2a: Mimikyu","|-ability|p1a: Gyarados|Moxie|boost","|-boost|p1a: Gyarados|atk|1","|","|-weather|RainDance|[upkeep]","|upkeep","|","|switch|p2a: Aegislash|Aegislash, M|261\/261","|-item|p2a: Aegislash|Air Balloon","|turn|15","|","|-formechange|p2a: Aegislash|Aegislash-Blade||[from] ability: Stance Change","|move|p2a: Aegislash|Shadow Sneak|p1a: Gyarados","|-damage|p1a: Gyarados|0 fnt","|faint|p1a: Gyarados","|","|-weather|RainDance|[upkeep]","|upkeep","|","|switch|p1a: Drednaw|Drednaw, F|257\/321","|turn|16","|","|move|p1a: Drednaw|Liquidation|p2a: Aegislash","|-damage|p2a: Aegislash|0 fnt","|-enditem|p2a: Aegislash|Air Balloon","|-damage|p1a: Drednaw|225\/321|[from] item: Life Orb","|faint|p2a: Aegislash","|","|-weather|none","|upkeep","|","|switch|p2a: Dragapult|Dragapult, F|222\/317","|-damage|p2a: Dragapult|183\/317|[from] Spikes","|turn|17","|j| Quadrantarius","|","|move|p2a: Dragapult|Draco Meteor|p1a: Drednaw|[miss]","|-miss|p2a: Dragapult|p1a: Drednaw","|move|p1a: Drednaw|Earthquake|p2a: Dragapult","|-damage|p2a: Dragapult|0 fnt","|-damage|p1a: Drednaw|193\/321|[from] item: Life Orb","|faint|p2a: Dragapult","|","|win|66735","|raw|66735's rating: 1637 &rarr; <strong>1656<\/strong><br \/>(+19 for winning)","|raw|35527's rating: 1631 &rarr; <strong>1611<\/strong><br \/>(-20 for losing)",""],"p1":"66735","p1rating":1637,"p1team":[{"ability":"drizzle","evs":{"atk":0,"def":252,"hp":252,"spa":0,"spd":4,"spe":0},"happiness":160,"item":"damprock","ivs":{"atk":31,"def":31,"hp":31,"spa":31,"spd":31,"spe":31},"level":100,"moves":["scald","roost","uturn","knockoff"],"name":"Pelipper","nature":"Bold","species":"Pelipper"},{"ability":"ironbarbs","evs":{"atk":0,"def":252,"hp":252,"spa":0,"spd":4,"spe":0},"happiness":160,"item":"leftovers","ivs":{"atk":31,"def":31,"hp":31,"spa":31,"spd":31,"spe":31},"level":100,"moves":["spikes","leechseed","powerwhip","knockoff"],"name":"Ferrothorn","nature":"Impish","species":"Ferrothorn"},{"ability":"moxie","evs":{"atk":252,"def":4,"hp":0,"spa":0,"spd":0,"spe":252},"happiness":160,"item":"heavydutyboots","ivs":{"atk":31,"def":31,"hp":31,"spa":31,"spd":31,"spe":31},"level":100,"moves":["dragondance","waterfall","earthquake","powerwhip"],"name":"Gyarados","nature":"Jolly","species":"Gyarados"},{"ability":"guts","evs":{"atk":252,"def":4,"hp":0,"spa":0,"spd":0,"spe":252},"happiness":160,"item":"flameorb","ivs":{"atk":31,"def":31,"hp":31,"spa":31,"spd":31,"spe":31},"level":100,"moves":["taunt","facade","knockoff","closecombat"],"name":"Obstagoon","nature":"Jolly","species":"Obstagoon"},{"ability":"swiftswim","evs":{"atk":252,"def":4,"hp":0,"spa":0,"spd":0,"spe":252},"happiness":160,"item":"lifeorb","ivs":{"atk":31,"def":31,"hp":31,"spa":31,"spd":31,"spe":31},"level":100,"moves":["stealthrock","liquidation","stoneedge","earthquake"],"name":"Drednaw","nature":"Adamant","species":"Drednaw"},{"ability":"infiltrator","evs":{"atk":0,"def":0,"hp":0,"spa":252,"spd":4,"spe":252},"happiness":160,"item":"lifeorb","ivs":{"atk":31,"def":31,"hp":31,"spa":31,"spd":31,"spe":31},"level":100,"moves":["uturn","shadowball","thunder","dracometeor"],"name":"Dragapult","nature":"Timid","species":"Dragapult"}],"p2":"35527","p2rating":1631,"p2team":[{"ability":"stancechange","evs":{"atk":252,"def":0,"hp":0,"spa":0,"spd":4,"spe":252},"happiness":160,"item":"airballoon","ivs":{"atk":31,"def":31,"hp":31,"spa":31,"spd":31,"spe":31},"level":100,"moves":["headsmash","ironhead","shadowsneak","closecombat"],"name":"Aegislash","nature":"Jolly","species":"Aegislash"},{"ability":"disguise","evs":{"atk":252,"def":0,"hp":0,"spa":0,"spd":4,"spe":252},"happiness":160,"item":"lifeorb","ivs":{"atk":31,"def":31,"hp":31,"spa":31,"spd":31,"spe":31},"level":100,"moves":["swordsdance","playrough","shadowclaw","shadowsneak"],"name":"Mimikyu","nature":"Jolly","species":"Mimikyu"},{"ability":"infiltrator","evs":{"atk":0,"def":0,"hp":0,"spa":252,"spd":4,"spe":252},"happiness":160,"item":"choicespecs","ivs":{"atk":31,"def":31,"hp":31,"spa":31,"spd":31,"spe":31},"level":100,"moves":["shadowball","flamethrower","uturn","dracometeor"],"name":"Dragapult","nature":"Timid","species":"Dragapult"},{"ability":"levitate","evs":{"atk":0,"def":0,"hp":0,"spa":252,"spd":4,"spe":252},"happiness":160,"item":"leftovers","ivs":{"atk":0,"def":31,"hp":31,"spa":31,"spd":31,"spe":31},"level":100,"moves":["substitute","darkpulse","flashcannon","nastyplot"],"name":"Hydreigon","nature":"Timid","species":"Hydreigon"},{"ability":"hugepower","evs":{"atk":252,"def":4,"hp":0,"spa":0,"spd":0,"spe":252},"happiness":160,"item":"lifeorb","ivs":{"atk":31,"def":31,"hp":31,"spa":31,"spd":31,"spe":31},"level":100,"moves":["bodyslam","firepunch","earthquake","quickattack"],"name":"Diggersby","nature":"Adamant","species":"Diggersby"},{"ability":"moldbreaker","evs":{"atk":252,"def":0,"hp":0,"spa":0,"spd":4,"spe":252},"happiness":160,"item":"focussash","ivs":{"atk":31,"def":31,"hp":31,"spa":31,"spd":31,"spe":31},"level":100,"moves":["stealthrock","earthquake","ironhead","rapidspin"],"name":"Excadrill","nature":"Jolly","species":"Excadrill"}],"roomid":1021543,"score":[4,0],"seed":[15693,38239,3081,54493],"timestamp":"Sat Dec 28 2019 19:XX","turns":17,"winner":"66735","rated_battle":true,"average_rating":1634}