{"endType":"forfeit","format":"gen8ou","inputLog":[">version aa9f8c6b9cf4eca780a1296832ecd3b0009641e0",">version-origin 5e8529faaa5905c5f8e15eafaaefa806ee8c7d06",">start {\"formatid\":\"gen8ou\",\"seed\":[10747,7721,29920,20484],\"rated\":\"Rated battle\"}",">player p1 {\"\"name\":\"11329\",\"rating\":1445}",">player p2 {\"\"name\":\"27599\",\"rating\":1474}",">p1 team 6, 2, 3, 4, 5, 1",">p2 team 6, 2, 3, 4, 5, 1",">p1 switch 5",">p2 move moonblast",">p1 move ironhead",">p2 switch 4",">p1 switch 6",">p2 move stealthrock",">p1 move toxic",">p2 move earthquake",">p1 move recover",">p2 switch 4",">p1 move recover",">p2 move thunderbolt",">p1 switch 4",">p2 move thunderbolt",">p1 move moonblast",">p2 move moonblast",">p1 move moonlight",">p2 move moonblast",">p1 switch 3",">p1 move flashcannon",">p2 switch 2",">p1 move substitute",">p2 move uturn",">p2 switch 5",">p1 switch 4",">p2 switch 2",">p1 switch 2",">p2 move moonlight",">p1 move protect",">p2 move flamethrower",">p1 move gyroball",">p2 move flamethrower",">p1 switch 6",">p1 move ironhead",">p2 switch 4",">p1 move closecombat",">p2 move earthquake"],"log":["|j|\u260611329","|j|\u260627599","|player|p1|11329|youngster-gen4|1445","|player|p2|27599|264|1474","|teamsize|p1|6","|teamsize|p2|6","|gametype|singles","|gen|8","|tier|[Gen 8] OU","|rated|","|rule|Sleep Clause Mod: Limit one foe put to sleep","|rule|Species Clause: Limit one of each Pok\u00e9mon","|rule|OHKO Clause: OHKO moves are banned","|rule|Evasion Moves Clause: Evasion moves are banned","|rule|Endless Battle Clause: Forcing endless battles is banned","|rule|HP Percentage Mod: HP is shown in percentages","|clearpoke","|poke|p1|Toxapex, M|","|poke|p1|Ferrothorn, M|","|poke|p1|Hydreigon, F|","|poke|p1|Clefable, M|","|poke|p1|Aegislash, F|","|poke|p1|Conkeldurr, M|","|poke|p2|Darmanitan-Galar, M|","|poke|p2|Corviknight, M|","|poke|p2|Ditto|","|poke|p2|Seismitoad, F|","|poke|p2|Dragapult, F|","|poke|p2|Clefable, M|","|rule|Dynamax Clause: You cannot dynamax","|teampreview","|","|start","|switch|p1a: Conkeldurr|Conkeldurr, M|414\/414","|switch|p2a: Clefable|Clefable, M|339\/339","|turn|1","|","|switch|p1a: Aegislash|Aegislash, F|324\/324","|move|p2a: Clefable|Moonblast|p1a: Aegislash","|-resisted|p1a: Aegislash","|-damage|p1a: Aegislash|251\/324","|","|-heal|p1a: Aegislash|271\/324|[from] item: Leftovers","|upkeep","|turn|2","|","|switch|p2a: Seismitoad|Seismitoad, F|414\/414","|-formechange|p1a: Aegislash|Aegislash-Blade||[from] ability: Stance Change","|move|p1a: Aegislash|Iron Head|p2a: Seismitoad","|-resisted|p2a: Seismitoad","|-damage|p2a: Seismitoad|338\/414","|","|-heal|p2a: Seismitoad|363\/414|[from] item: Leftovers","|-heal|p1a: Aegislash|291\/324|[from] item: Leftovers","|upkeep","|turn|3","|","|switch|p1a: Toxapex|Toxapex, M|304\/304","|move|p2a: Seismitoad|Stealth Rock|p1a: Toxapex","|-sidestart11329|move: Stealth Rock","|","|-heal|p2a: Seismitoad|388\/414|[from] item: Leftovers","|upkeep","|turn|4","|","|move|p2a: Seismitoad|Earthquake|p1a: Toxapex","|-supereffective|p1a: Toxapex","|-damage|p1a: Toxapex|182\/304","|move|p1a: Toxapex|Toxic|p2a: Seismitoad","|-status|p2a: Seismitoad|tox","|","|-heal|p2a: Seismitoad|413\/414 tox|[from] item: Leftovers","|-heal|p1a: Toxapex|201\/304|[from] item: Black Sludge","|-damage|p2a: Seismitoad|388\/414 tox|[from] psn","|upkeep","|turn|5","|","|switch|p2a: Clefable|Clefable, M|339\/339","|move|p1a: Toxapex|Recover|p1a: Toxapex","|-heal|p1a: Toxapex|304\/304","|","|upkeep","|turn|6","|","|move|p2a: Clefable|Thunderbolt|p1a: Toxapex","|-supereffective|p1a: Toxapex","|-damage|p1a: Toxapex|135\/304","|move|p1a: Toxapex|Recover|p1a: Toxapex","|-heal|p1a: Toxapex|287\/304","|","|-heal|p1a: Toxapex|304\/304|[from] item: Black Sludge","|upkeep","|turn|7","|","|switch|p1a: Clefable|Clefable, M|394\/394","|move|p2a: Clefable|Thunderbolt|p1a: Clefable","|-damage|p1a: Clefable|252\/394","|","|upkeep","|turn|8","|","|move|p2a: Clefable|Moonblast|p1a: Clefable","|-damage|p1a: Clefable|26\/394","|move|p1a: Clefable|Moonblast|p2a: Clefable","|-damage|p2a: Clefable|143\/339","|-unboost|p2a: Clefable|spa|1","|","|upkeep","|turn|9","|","|move|p2a: Clefable|Moonblast|p1a: Clefable","|-damage|p1a: Clefable|0 fnt","|faint|p1a: Clefable","|","|upkeep","|","|switch|p1a: Hydreigon|Hydreigon, F|325\/325","|-damage|p1a: Hydreigon|285\/325|[from] Stealth Rock","|turn|10","|","|switch|p2a: Corviknight|Corviknight, M|400\/400","|-ability|p2a: Corviknight|Pressure","|move|p1a: Hydreigon|Flash Cannon|p2a: Corviknight","|-resisted|p2a: Corviknight","|-damage|p2a: Corviknight|360\/400","|","|-heal|p1a: Hydreigon|305\/325|[from] item: Leftovers","|-heal|p2a: Corviknight|385\/400|[from] item: Leftovers","|upkeep","|turn|11","|","|move|p1a: Hydreigon|Substitute|p1a: Hydreigon","|-start|p1a: Hydreigon|Substitute","|-damage|p1a: Hydreigon|224\/325","|move|p2a: Corviknight|U-turn|p1a: Hydreigon","|-supereffective|p1a: Hydreigon","|-crit|p1a: Hydreigon","|-end|p1a: Hydreigon|Substitute","|","|switch|p2a: Dragapult|Dragapult, F|317\/317","|","|-heal|p1a: Hydreigon|244\/325|[from] item: Leftovers","|upkeep","|turn|12","|","|switch|p2a: Clefable|Clefable, M|143\/339","|switch|p1a: Toxapex|Toxapex, M|304\/304","|-damage|p1a: Toxapex|266\/304|[from] Stealth Rock","|","|-heal|p1a: Toxapex|285\/304|[from] item: Black Sludge","|upkeep","|turn|13","|","|switch|p1a: Ferrothorn|Ferrothorn, M|352\/352","|-damage|p1a: Ferrothorn|330\/352|[from] Stealth Rock","|move|p2a: Clefable|Moonlight|p2a: Clefable","|-heal|p2a: Clefable|312\/339","|","|-heal|p1a: Ferrothorn|352\/352|[from] item: Leftovers","|upkeep","|turn|14","|","|move|p1a: Ferrothorn|Protect|p1a: Ferrothorn","|-singleturn|p1a: Ferrothorn|Protect","|move|p2a: Clefable|Flamethrower|p1a: Ferrothorn","|-activate|p1a: Ferrothorn|move: Protect","|","|upkeep","|turn|15","|","|move|p2a: Clefable|Flamethrower|p1a: Ferrothorn","|-supereffective|p1a: Ferrothorn","|-damage|p1a: Ferrothorn|0 fnt","|faint|p1a: Ferrothorn","|","|upkeep","|","|switch|p1a: Aegislash|Aegislash, F|291\/324","|-damage|p1a: Aegislash|271\/324|[from] Stealth Rock","|turn|16","|","|switch|p2a: Seismitoad|Seismitoad, F|388\/414 tox","|-formechange|p1a: Aegislash|Aegislash-Blade||[from] ability: Stance Change","|move|p1a: Aegislash|Iron Head|p2a: Seismitoad","|-resisted|p2a: Seismitoad","|-damage|p2a: Seismitoad|320\/414 tox","|","|-heal|p2a: Seismitoad|345\/414 tox|[from] item: Leftovers","|-heal|p1a: Aegislash|291\/324|[from] item: Leftovers","|-damage|p2a: Seismitoad|320\/414 tox|[from] psn","|upkeep","|turn|17","|","|move|p2a: Seismitoad|Earthquake|p1a: Aegislash","|-supereffective|p1a: Aegislash","|-damage|p1a: Aegislash|0 fnt","|faint|p1a: Aegislash","|","|-heal|p2a: Seismitoad|345\/414 tox|[from] item: Leftovers","|-damage|p2a: Seismitoad|295\/414 tox|[from] psn","|upkeep","|-message|11329 forfeited.","|","|win|27599","|l|\u260611329","|l|\u260627599","|raw|11329's rating: 1445 &rarr; <strong>1427<\/strong><br \/>(-18 for losing)","|raw|27599's rating: 1474 &rarr; <strong>1492<\/strong><br \/>(+18 for winning)",""],"p1":"11329","p1rating":1445,"p1team":[{"ability":"regenerator","evs":{"atk":0,"def":252,"hp":252,"spa":0,"spd":4,"spe":0},"happiness":160,"item":"blacksludge","ivs":{"atk":0,"def":31,"hp":31,"spa":31,"spd":31,"spe":31},"level":100,"moves":["scald","toxic","recover","haze"],"name":"Toxapex","nature":"Bold","species":"Toxapex"},{"ability":"ironbarbs","evs":{"atk":4,"def":252,"hp":252,"spa":0,"spd":0,"spe":0},"happiness":160,"item":"leftovers","ivs":{"atk":31,"def":31,"hp":31,"spa":31,"spd":31,"spe":0},"level":100,"moves":["leechseed","gyroball","spikes","protect"],"name":"Ferrothorn","nature":"Relaxed","species":"Ferrothorn"},{"ability":"levitate","evs":{"atk":0,"def":0,"hp":0,"spa":252,"spd":4,"spe":252},"happiness":160,"item":"leftovers","ivs":{"atk":0,"def":31,"hp":31,"spa":31,"spd":31,"spe":31},"level":100,"moves":["substitute","flashcannon","darkpulse","nastyplot"],"name":"Hydreigon","nature":"Timid","species":"Hydreigon"},{"ability":"magicguard","evs":{"atk":0,"def":0,"hp":252,"spa":252,"spd":4,"spe":0},"happiness":160,"item":"lifeorb","ivs":{"atk":0,"def":31,"hp":31,"spa":31,"spd":31,"spe":31},"level":100,"moves":["thunderbolt","flamethrower","moonlight","moonblast"],"name":"Clefable","nature":"Modest","species":"Clefable"},{"ability":"stancechange","evs":{"atk":252,"def":0,"hp":252,"spa":0,"spd":4,"spe":0},"happiness":160,"item":"leftovers","ivs":{"atk":31,"def":31,"hp":31,"spa":31,"spd":31,"spe":31},"level":100,"moves":["closecombat","ironhead","shadowsneak","kingsshield"],"name":"Aegislash","nature":"Adamant","species":"Aegislash"},{"ability":"guts","evs":{"atk":252,"def":0,"hp":252,"spa":0,"spd":4,"spe":0},"happiness":160,"item":"flameorb","ivs":{"atk":31,"def":31,"hp":31,"spa":31,"spd":31,"spe":31},"level":100,"moves":["drainpunch","machpunch","icepunch","earthquake"],"name":"Conkeldurr","nature":"Adamant","species":"Conkeldurr"}],"p2":"27599","p2rating":1474,"p2team":[{"ability":"gorillatactics","evs":{"atk":252,"def":0,"hp":0,"spa":0,"spd":4,"spe":252},"happiness":160,"item":"choiceband","ivs":{"atk":31,"def":31,"hp":31,"spa":31,"spd":31,"spe":31},"level":100,"moves":["iciclecrash","uturn","flareblitz","earthquake"],"name":"Darmanitan","nature":"Jolly","species":"darmanitangalar"},{"ability":"pressure","evs":{"atk":0,"def":0,"hp":252,"spa":0,"spd":220,"spe":36},"happiness":160,"item":"leftovers","ivs":{"atk":31,"def":31,"hp":31,"spa":31,"spd":31,"spe":31},"level":100,"moves":["taunt","roost","uturn","defog"],"name":"Corviknight","nature":"Careful","species":"Corviknight"},{"ability":"imposter","evs":{"atk":4,"def":252,"hp":252,"spa":0,"spd":0,"spe":0},"gender":"N","happiness":160,"item":"choicescarf","ivs":{"atk":0,"def":31,"hp":31,"spa":31,"spd":31,"spe":0},"level":100,"moves":["transform"],"name":"Ditto","nature":"Relaxed","species":"Ditto"},{"ability":"waterabsorb","evs":{"atk":0,"def":252,"hp":252,"spa":0,"spd":0,"spe":4},"happiness":160,"item":"leftovers","ivs":{"atk":31,"def":31,"hp":31,"spa":31,"spd":31,"spe":31},"level":100,"moves":["earthquake","toxic","protect","stealthrock"],"name":"Seismitoad","nature":"Impish","species":"Seismitoad"},{"ability":"infiltrator","evs":{"atk":0,"def":4,"hp":0,"spa":252,"spd":0,"spe":252},"happiness":160,"item":"choicespecs","ivs":{"atk":0,"def":31,"hp":31,"spa":31,"spd":31,"spe":31},"level":100,"moves":["shadowball","thunderbolt","dracometeor","flamethrower"],"name":"Dragapult","nature":"Modest","species":"Dragapult"},{"ability":"magicguard","evs":{"atk":0,"def":0,"hp":32,"spa":252,"spd":0,"spe":224},"happiness":160,"item":"lifeorb","ivs":{"atk":0,"def":31,"hp":31,"spa":31,"spd":31,"spe":31},"level":100,"moves":["moonblast","thunderbolt","flamethrower","moonlight"],"name":"Clefable","nature":"Modest","species":"Clefable"}],"roomid":1022401,"score":[3,6],"seed":[10747,7721,29920,20484],"timestamp":"Sat Dec 28 2019 15:XX","turns":17,"winner":"27599","rated_battle":true,"average_rating":1459}