{"endType":"forfeit","format":"gen8ou","inputLog":[">version aa9f8c6b9cf4eca780a1296832ecd3b0009641e0",">version-origin 5e8529faaa5905c5f8e15eafaaefa806ee8c7d06",">start {\"formatid\":\"gen8ou\",\"seed\":[55121,53051,53072,45589],\"rated\":\"Rated battle\"}",">player p1 {\"\"name\":\"31422\",\"rating\":1559}",">player p2 {\"\"name\":\"26315\",\"rating\":1649}",">p1 team 3, 2, 1, 4, 5, 6",">p2 team 5, 2, 3, 4, 1, 6",">p1 move toxicspikes",">p2 switch 2",">p1 move memento",">p2 move stealthrock",">p1 switch 3",">p1 move iciclespear",">p2 move roar",">p1 move shadowball",">p2 switch 3",">p1 move flashcannon",">p2 switch 4",">p1 move kingsshield",">p2 move dracometeor",">p1 move shadowball",">p2 move dracometeor",">p2 switch 5",">p1 move kingsshield",">p2 move earthquake",">p1 switch 2",">p2 move earthquake",">p1 move bulkup",">p2 switch 2",">p1 move acrobatics",">p2 move moonblast",">p1 switch 2",">p1 move flashcannon",">p2 move flamethrower",">p2 switch 3",">p1 move shadowball",">p2 move earthquake",">p2 switch 4",">p1 move shadowball",">p2 move recover",">p1 switch 5",">p1 move courtchange",">p2 move toxic",">p1 switch 6",">p2 move scald",">p1 move scald",">p2 move scald",">p1 move scald",">p2 move scald",">p1 switch 4",">p2 move scald",">p1 move rockblast",">p2 move recover",">p1 move shellsmash",">p2 move scald",">p1 switch 6",">p1 move highjumpkick",">p2 move scald",">p1 switch 4",">p1 move scald",">p2 move scald"],"log":["|j|\u260631422","|j|\u260626315","|player|p1|31422|224|1559","|player|p2|26315|167|1649","|teamsize|p1|6","|teamsize|p2|6","|gametype|singles","|gen|8","|tier|[Gen 8] OU","|rated|","|rule|Sleep Clause Mod: Limit one foe put to sleep","|rule|Species Clause: Limit one of each Pok\u00e9mon","|rule|OHKO Clause: OHKO moves are banned","|rule|Evasion Moves Clause: Evasion moves are banned","|rule|Endless Battle Clause: Forcing endless battles is banned","|rule|HP Percentage Mod: HP is shown in percentages","|clearpoke","|poke|p1|Cloyster, M|","|poke|p1|Hawlucha, M|","|poke|p1|Weezing-Galar, F|","|poke|p1|Aegislash, M|","|poke|p1|Cinderace, M|","|poke|p1|Ditto|","|poke|p2|Excadrill, M|","|poke|p2|Hippowdon, M|","|poke|p2|Toxapex, M|","|poke|p2|Hydreigon, F|","|poke|p2|Clefable, M|","|poke|p2|Corviknight, M|","|rule|Dynamax Clause: You cannot dynamax","|teampreview","|","|start","|switch|p1a: Weezing|Weezing-Galar, F|334\/334","|switch|p2a: Clefable|Clefable, M|394\/394","|-fieldstart|move: Misty Terrain|[from] ability: Misty Surge|[of] p1a: Weezing","|turn|1","|","|switch|p2a: Hippowdon|Hippowdon, M|420\/420","|-weather|Sandstorm|[from] ability: Sand Stream|[of] p2a: Hippowdon","|move|p1a: Weezing|Toxic Spikes|p2a: Hippowdon","|-sidestart26315|move: Toxic Spikes","|","|-weather|Sandstorm|[upkeep]","|-damage|p1a: Weezing|314\/334|[from] Sandstorm","|upkeep","|turn|2","|","|move|p1a: Weezing|Memento|p2a: Hippowdon","|-unboost|p2a: Hippowdon|atk|2","|-unboost|p2a: Hippowdon|spa|2","|faint|p1a: Weezing","|move|p2a: Hippowdon|Stealth Rock|p1: Weezing","|-sidestart31422|move: Stealth Rock","|","|-weather|Sandstorm|[upkeep]","|upkeep","|","|switch|p1a: Cloyster|Cloyster, M|241\/241","|-damage|p1a: Cloyster|181\/241|[from] Stealth Rock","|turn|3","|","|move|p1a: Cloyster|Icicle Spear|p2a: Hippowdon","|-supereffective|p2a: Hippowdon","|-damage|p2a: Hippowdon|352\/420","|-supereffective|p2a: Hippowdon","|-damage|p2a: Hippowdon|286\/420","|-supereffective|p2a: Hippowdon","|-damage|p2a: Hippowdon|220\/420","|-supereffective|p2a: Hippowdon","|-crit|p2a: Hippowdon","|-damage|p2a: Hippowdon|118\/420","|-supereffective|p2a: Hippowdon","|-damage|p2a: Hippowdon|52\/420","|-hitcount|p2a: Hippowdon|5","|move|p2a: Hippowdon|Roar|p1a: Cloyster","|drag|p1a: Aegislash|Aegislash, M|263\/263","|-damage|p1a: Aegislash|247\/263|[from] Stealth Rock","|","|-weather|Sandstorm|[upkeep]","|upkeep","|turn|4","|","|switch|p2a: Toxapex|Toxapex, M|304\/304","|-sideend26315|move: Toxic Spikes|[of] p2a: Toxapex","|-formechange|p1a: Aegislash|Aegislash-Blade||[from] ability: Stance Change","|move|p1a: Aegislash|Shadow Ball|p2a: Toxapex","|-damage|p2a: Toxapex|147\/304","|-unboost|p2a: Toxapex|spd|1","|-damage|p1a: Aegislash|221\/263|[from] item: Life Orb","|","|-weather|Sandstorm|[upkeep]","|-damage|p2a: Toxapex|128\/304|[from] Sandstorm","|-heal|p2a: Toxapex|147\/304|[from] item: Black Sludge","|upkeep","|turn|5","|","|switch|p2a: Hydreigon|Hydreigon, F|325\/325","|move|p1a: Aegislash|Flash Cannon|p2a: Hydreigon","|-damage|p2a: Hydreigon|113\/325","|-damage|p1a: Aegislash|195\/263|[from] item: Life Orb","|","|-weather|Sandstorm|[upkeep]","|-damage|p2a: Hydreigon|93\/325|[from] Sandstorm","|-fieldend|Misty Terrain","|upkeep","|turn|6","|","|-formechange|p1a: Aegislash|Aegislash||[from] ability: Stance Change","|move|p1a: Aegislash|King's Shield|p1a: Aegislash","|-singleturn|p1a: Aegislash|Protect","|move|p2a: Hydreigon|Draco Meteor|p1a: Aegislash","|-activate|p1a: Aegislash|move: Protect","|","|-weather|Sandstorm|[upkeep]","|-damage|p2a: Hydreigon|73\/325|[from] Sandstorm","|upkeep","|turn|7","|","|move|p2a: Hydreigon|Draco Meteor|p1a: Aegislash","|-resisted|p1a: Aegislash","|-damage|p1a: Aegislash|110\/263","|-unboost|p2a: Hydreigon|spa|2","|-formechange|p1a: Aegislash|Aegislash-Blade||[from] ability: Stance Change","|move|p1a: Aegislash|Shadow Ball|p2a: Hydreigon","|-resisted|p2a: Hydreigon","|-damage|p2a: Hydreigon|0 fnt","|-damage|p1a: Aegislash|84\/263|[from] item: Life Orb","|faint|p2a: Hydreigon","|","|-weather|Sandstorm|[upkeep]","|upkeep","|","|switch|p2a: Excadrill|Excadrill, M|361\/361","|turn|8","|","|-formechange|p1a: Aegislash|Aegislash||[from] ability: Stance Change","|move|p1a: Aegislash|King's Shield|p1a: Aegislash","|-singleturn|p1a: Aegislash|Protect","|move|p2a: Excadrill|Earthquake|p1a: Aegislash","|-activate|p1a: Aegislash|move: Protect","|","|-weather|none","|upkeep","|turn|9","|","|switch|p1a: Hawlucha|Hawlucha, M|297\/297","|-damage|p1a: Hawlucha|260\/297|[from] Stealth Rock","|move|p2a: Excadrill|Earthquake|p1a: Hawlucha","|-immune|p1a: Hawlucha","|","|upkeep","|turn|10","|","|switch|p2a: Clefable|Clefable, M|394\/394","|move|p1a: Hawlucha|Bulk Up|p1a: Hawlucha","|-boost|p1a: Hawlucha|atk|1","|-boost|p1a: Hawlucha|def|1","|","|upkeep","|turn|11","|","|move|p1a: Hawlucha|Acrobatics|p2a: Clefable","|-damage|p2a: Clefable|223\/394","|move|p2a: Clefable|Moonblast|p1a: Hawlucha","|-supereffective|p1a: Hawlucha","|-damage|p1a: Hawlucha|0 fnt","|faint|p1a: Hawlucha","|","|upkeep","|","|switch|p1a: Aegislash|Aegislash, M|84\/263","|-damage|p1a: Aegislash|68\/263|[from] Stealth Rock","|turn|12","|","|-formechange|p1a: Aegislash|Aegislash-Blade||[from] ability: Stance Change","|move|p1a: Aegislash|Flash Cannon|p2a: Clefable","|-supereffective|p2a: Clefable","|-damage|p2a: Clefable|0 fnt","|-damage|p1a: Aegislash|42\/263|[from] item: Life Orb","|faint|p2a: Clefable","|","|upkeep","|","|switch|p2a: Hippowdon|Hippowdon, M|52\/420","|-weather|Sandstorm|[from] ability: Sand Stream|[of] p2a: Hippowdon","|turn|13","|","|move|p1a: Aegislash|Shadow Ball|p2a: Hippowdon","|-damage|p2a: Hippowdon|0 fnt","|-damage|p1a: Aegislash|16\/263|[from] item: Life Orb","|faint|p2a: Hippowdon","|","|-weather|Sandstorm|[upkeep]","|upkeep","|","|switch|p2a: Toxapex|Toxapex, M|248\/304","|turn|14","|","|move|p1a: Aegislash|Shadow Ball|p2a: Toxapex","|-damage|p2a: Toxapex|110\/304","|-damage|p1a: Aegislash|0 fnt|[from] item: Life Orb","|faint|p1a: Aegislash","|move|p2a: Toxapex|Recover|p2a: Toxapex","|-heal|p2a: Toxapex|262\/304","|","|-weather|Sandstorm|[upkeep]","|-damage|p2a: Toxapex|243\/304|[from] Sandstorm","|-heal|p2a: Toxapex|262\/304|[from] item: Black Sludge","|upkeep","|","|switch|p1a: Cinderace|Cinderace, M|301\/301","|-damage|p1a: Cinderace|226\/301|[from] Stealth Rock","|turn|15","|","|move|p1a: Cinderace|Court Change|p1a: Cinderace","|-sideend31422|Stealth Rock|[silent]","|-sidestart26315|Stealth Rock|[silent]","|-activate|p1a: Cinderace|move: Court Change","|move|p2a: Toxapex|Toxic|p1a: Cinderace","|-status|p1a: Cinderace|tox","|","|-weather|Sandstorm|[upkeep]","|-damage|p1a: Cinderace|208\/301 tox|[from] Sandstorm","|-damage|p2a: Toxapex|243\/304|[from] Sandstorm","|-heal|p2a: Toxapex|262\/304|[from] item: Black Sludge","|-damage|p1a: Cinderace|190\/301 tox|[from] psn","|upkeep","|turn|16","|","|switch|p1a: Ditto|Ditto|237\/237","|-transform|p1a: Ditto|p2a: Toxapex|[from] ability: Imposter","|move|p2a: Toxapex|Scald|p1a: Ditto","|-resisted|p1a: Ditto","|-damage|p1a: Ditto|214\/237","|","|-weather|Sandstorm|[upkeep]","|-damage|p1a: Ditto|200\/237|[from] Sandstorm","|-damage|p2a: Toxapex|243\/304|[from] Sandstorm","|-heal|p2a: Toxapex|262\/304|[from] item: Black Sludge","|upkeep","|turn|17","|","|move|p1a: Ditto|Scald|p2a: Toxapex","|-resisted|p2a: Toxapex","|-damage|p2a: Toxapex|242\/304","|-status|p2a: Toxapex|brn","|move|p2a: Toxapex|Scald|p1a: Ditto","|-resisted|p1a: Ditto","|-damage|p1a: Ditto|179\/237","|-status|p1a: Ditto|brn","|","|-weather|Sandstorm|[upkeep]","|-damage|p1a: Ditto|165\/237 brn|[from] Sandstorm","|-damage|p2a: Toxapex|223\/304 brn|[from] Sandstorm","|-heal|p2a: Toxapex|242\/304 brn|[from] item: Black Sludge","|-damage|p1a: Ditto|151\/237 brn|[from] brn","|-damage|p2a: Toxapex|223\/304 brn|[from] brn","|upkeep","|turn|18","|","|move|p1a: Ditto|Scald|p2a: Toxapex","|-resisted|p2a: Toxapex","|-damage|p2a: Toxapex|201\/304 brn","|move|p2a: Toxapex|Scald|p1a: Ditto","|-resisted|p1a: Ditto","|-damage|p1a: Ditto|132\/237 brn","|","|-weather|Sandstorm|[upkeep]","|-damage|p1a: Ditto|118\/237 brn|[from] Sandstorm","|-damage|p2a: Toxapex|182\/304 brn|[from] Sandstorm","|-heal|p2a: Toxapex|201\/304 brn|[from] item: Black Sludge","|-damage|p1a: Ditto|104\/237 brn|[from] brn","|-damage|p2a: Toxapex|182\/304 brn|[from] brn","|upkeep","|turn|19","|","|switch|p1a: Cloyster|Cloyster, M|181\/241","|move|p2a: Toxapex|Scald|p1a: Cloyster","|-resisted|p1a: Cloyster","|-damage|p1a: Cloyster|124\/241","|-status|p1a: Cloyster|brn","|","|-weather|Sandstorm|[upkeep]","|-damage|p1a: Cloyster|109\/241 brn|[from] Sandstorm","|-damage|p2a: Toxapex|163\/304 brn|[from] Sandstorm","|-heal|p2a: Toxapex|182\/304 brn|[from] item: Black Sludge","|-damage|p1a: Cloyster|94\/241 brn|[from] brn","|-damage|p2a: Toxapex|163\/304 brn|[from] brn","|upkeep","|turn|20","|","|move|p1a: Cloyster|Rock Blast|p2a: Toxapex","|-damage|p2a: Toxapex|156\/304 brn","|-damage|p2a: Toxapex|149\/304 brn","|-damage|p2a: Toxapex|143\/304 brn","|-damage|p2a: Toxapex|136\/304 brn","|-damage|p2a: Toxapex|130\/304 brn","|-hitcount|p2a: Toxapex|5","|move|p2a: Toxapex|Recover|p2a: Toxapex","|-heal|p2a: Toxapex|282\/304 brn","|","|-weather|none","|-heal|p2a: Toxapex|301\/304 brn|[from] item: Black Sludge","|-damage|p1a: Cloyster|79\/241 brn|[from] brn","|-damage|p2a: Toxapex|282\/304 brn|[from] brn","|upkeep","|turn|21","|","|move|p1a: Cloyster|Shell Smash|p1a: Cloyster","|-unboost|p1a: Cloyster|def|1","|-unboost|p1a: Cloyster|spd|1","|-boost|p1a: Cloyster|atk|2","|-boost|p1a: Cloyster|spa|2","|-boost|p1a: Cloyster|spe|2","|move|p2a: Toxapex|Scald|p1a: Cloyster","|-resisted|p1a: Cloyster","|-damage|p1a: Cloyster|0 fnt","|faint|p1a: Cloyster","|","|-heal|p2a: Toxapex|301\/304 brn|[from] item: Black Sludge","|-damage|p2a: Toxapex|282\/304 brn|[from] brn","|upkeep","|","|switch|p1a: Cinderace|Cinderace, M|190\/301 tox","|turn|22","|","|move|p1a: Cinderace|High Jump Kick|p2a: Toxapex","|-resisted|p2a: Toxapex","|-damage|p2a: Toxapex|230\/304 brn","|-damage|p1a: Cinderace|160\/301 tox|[from] item: Life Orb","|move|p2a: Toxapex|Scald|p1a: Cinderace","|-supereffective|p1a: Cinderace","|-damage|p1a: Cinderace|8\/301 tox","|","|-heal|p2a: Toxapex|249\/304 brn|[from] item: Black Sludge","|-damage|p1a: Cinderace|0 fnt|[from] psn","|faint|p1a: Cinderace","|-damage|p2a: Toxapex|230\/304 brn|[from] brn","|upkeep","|","|switch|p1a: Ditto|Ditto|183\/237 brn","|-transform|p1a: Ditto|p2a: Toxapex|[from] ability: Imposter","|turn|23","|","|move|p1a: Ditto|Scald|p2a: Toxapex","|-resisted|p2a: Toxapex","|-damage|p2a: Toxapex|209\/304 brn","|move|p2a: Toxapex|Scald|p1a: Ditto","|-resisted|p1a: Ditto","|-damage|p1a: Ditto|163\/237 brn","|","|-heal|p2a: Toxapex|228\/304 brn|[from] item: Black Sludge","|-damage|p1a: Ditto|149\/237 brn|[from] brn","|-damage|p2a: Toxapex|209\/304 brn|[from] brn","|upkeep","|turn|24","|-message|31422 forfeited.","|","|win|26315","|l|\u260631422","|l|\u260626315","|raw|31422's rating: 1559 &rarr; <strong>1545<\/strong><br \/>(-14 for losing)","|raw|26315's rating: 1649 &rarr; <strong>1664<\/strong><br \/>(+15 for winning)",""],"p1":"31422","p1rating":1559,"p1team":[{"ability":"skilllink","evs":{"atk":252,"def":0,"hp":0,"spa":0,"spd":4,"spe":252},"happiness":160,"item":"kingsrock","ivs":{"atk":31,"def":31,"hp":31,"spa":31,"spd":31,"spe":31},"level":100,"moves":["shellsmash","iciclespear","rockblast","liquidation"],"name":"Cloyster","nature":"Jolly","species":"Cloyster"},{"ability":"unburden","evs":{"atk":252,"def":0,"hp":0,"spa":0,"spd":80,"spe":176},"happiness":160,"item":"mistyseed","ivs":{"atk":31,"def":31,"hp":31,"spa":31,"spd":31,"spe":31},"level":100,"moves":["substitute","drainpunch","acrobatics","bulkup"],"name":"Hawlucha","nature":"Adamant","species":"Hawlucha"},{"ability":"mistysurge","evs":{"atk":0,"def":0,"hp":252,"spa":252,"spd":4,"spe":0},"happiness":160,"item":"rockyhelmet","ivs":{"atk":0,"def":31,"hp":31,"spa":31,"spd":31,"spe":31},"level":100,"moves":["strangesteam","sludgewave","toxicspikes","memento"],"name":"Weezing","nature":"Modest","species":"weezinggalar"},{"ability":"stancechange","evs":{"atk":0,"def":0,"hp":8,"spa":252,"spd":0,"spe":248},"happiness":160,"item":"lifeorb","ivs":{"atk":0,"def":31,"hp":31,"spa":31,"spd":31,"spe":31},"level":100,"moves":["kingsshield","shadowball","flashcannon","autotomize"],"name":"Aegislash","nature":"Timid","species":"Aegislash"},{"ability":"blaze","evs":{"atk":252,"def":0,"hp":0,"spa":0,"spd":4,"spe":252},"happiness":160,"item":"lifeorb","ivs":{"atk":31,"def":31,"hp":31,"spa":31,"spd":31,"spe":31},"level":100,"moves":["pyroball","highjumpkick","suckerpunch","courtchange"],"name":"Cinderace","nature":"Jolly","species":"Cinderace"},{"ability":"imposter","evs":{"atk":0,"def":0,"hp":0,"spa":0,"spd":0,"spe":252},"gender":"N","happiness":160,"item":"choicescarf","ivs":{"atk":0,"def":31,"hp":31,"spa":31,"spd":31,"spe":31},"level":100,"moves":["transform"],"name":"Ditto","nature":"Timid","species":"Ditto"}],"p2":"26315","p2rating":1649,"p2team":[{"ability":"sandrush","evs":{"atk":252,"def":0,"hp":0,"spa":0,"spd":4,"spe":252},"gender":"M","happiness":160,"item":"lifeorb","ivs":{"atk":31,"def":31,"hp":31,"spa":31,"spd":31,"spe":31},"level":100,"moves":["swordsdance","ironhead","earthquake","rapidspin"],"name":"Excadrill","nature":"Jolly","species":"Excadrill"},{"ability":"sandstream","evs":{"atk":4,"def":0,"hp":252,"spa":0,"spd":252,"spe":0},"happiness":160,"item":"smoothrock","ivs":{"atk":31,"def":31,"hp":31,"spa":31,"spd":31,"spe":31},"level":100,"moves":["stealthrock","roar","slackoff","earthquake"],"name":"Hippowdon","nature":"Careful","species":"Hippowdon"},{"ability":"regenerator","evs":{"atk":0,"def":252,"hp":252,"spa":0,"spd":4,"spe":0},"happiness":160,"item":"blacksludge","ivs":{"atk":0,"def":31,"hp":31,"spa":31,"spd":31,"spe":31},"level":100,"moves":["scald","toxic","recover","haze"],"name":"Toxapex","nature":"Bold","species":"Toxapex"},{"ability":"levitate","evs":{"atk":0,"def":0,"hp":0,"spa":252,"spd":4,"spe":252},"happiness":160,"item":"choicescarf","ivs":{"atk":0,"def":31,"hp":31,"spa":31,"spd":31,"spe":31},"level":100,"moves":["dracometeor","darkpulse","fireblast","flashcannon"],"name":"Hydreigon","nature":"Timid","species":"Hydreigon"},{"ability":"magicguard","evs":{"atk":0,"def":0,"hp":252,"spa":188,"spd":0,"spe":68},"happiness":160,"item":"lifeorb","ivs":{"atk":0,"def":31,"hp":31,"spa":31,"spd":31,"spe":31},"level":100,"moves":["moonblast","moonlight","flamethrower","calmmind"],"name":"Clefable","nature":"Timid","species":"Clefable"},{"ability":"pressure","evs":{"atk":0,"def":0,"hp":248,"spa":0,"spd":244,"spe":16},"happiness":160,"item":"leftovers","ivs":{"atk":31,"def":31,"hp":31,"spa":31,"spd":31,"spe":31},"level":100,"moves":["bulkup","drillpeck","roost","substitute"],"name":"Corviknight","nature":"Jolly","species":"Corviknight"}],"roomid":101922,"score":[1,3],"seed":[55121,53051,53072,45589],"timestamp":"Mon Dec 30 2019 16:XX","turns":24,"winner":"26315","rated_battle":true,"average_rating":1604}