{"endType":"forfeit","format":"gen8ou","inputLog":[">version aa9f8c6b9cf4eca780a1296832ecd3b0009641e0",">version-origin 5e8529faaa5905c5f8e15eafaaefa806ee8c7d06",">start {\"formatid\":\"gen8ou\",\"seed\":[49488,54223,16546,64355],\"rated\":\"Rated battle\"}",">player p1 {\"\"name\":\"769\",\"rating\":1312}",">player p2 {\"\"name\":\"26758\",\"rating\":1298}",">p1 team 2, 1, 3, 4, 5, 6",">p2 team 4, 2, 3, 1, 5, 6",">p1 move overheat",">p2 move stealthrock",">p1 switch 4",">p2 move strengthsap",">p1 move toxic",">p2 move willowisp",">p1 move stealthrock",">p2 move nightshade",">p1 switch 4",">p2 move nightshade",">p1 move trick",">p2 move nightshade",">p1 switch 5",">p1 move flamethrower",">p2 switch 2",">p1 move flamethrower",">p2 move scald",">p1 move moonblast",">p2 move hurricane",">p2 switch 4",">p1 move thunderbolt",">p2 move liquidation",">p1 switch 4",">p1 move toxic",">p2 switch 2",">p1 move scald",">p2 move nightshade",">p2 switch 2",">p1 switch 6",">p2 move psychicfangs",">p1 move uturn",">p2 switch 6",">p1 switch 3",">p1 move ironhead",">p2 switch 6",">p1 move suckerpunch",">p2 move closecombat",">p2 switch 5",">p1 switch 3",">p2 move swordsdance",">p1 move roost",">p2 move ironhead",">p1 move roost",">p2 move ironhead",">p1 move roost",">p2 move ironhead",">p1 move roost",">p2 move ironhead",">p1 move roost",">p2 move ironhead",">p1 switch 6",">p1 move scald",">p2 move ironhead",">p1 move scald",">p2 move ironhead",">p1 switch 2",">p1 move dragondance",">p2 move ironhead",">p1 switch 3"],"log":["|j|\u2606769","|j|\u260626758","|player|p1|769|161|1312","|player|p2|26758|riley|1298","|teamsize|p1|6","|teamsize|p2|6","|gametype|singles","|gen|8","|tier|[Gen 8] OU","|rated|","|rule|Sleep Clause Mod: Limit one foe put to sleep","|rule|Species Clause: Limit one of each Pok\u00e9mon","|rule|OHKO Clause: OHKO moves are banned","|rule|Evasion Moves Clause: Evasion moves are banned","|rule|Endless Battle Clause: Forcing endless battles is banned","|rule|HP Percentage Mod: HP is shown in percentages","|clearpoke","|poke|p1|Dragapult, M|","|poke|p1|Rotom-Heat|","|poke|p1|Bisharp, M|","|poke|p1|Seismitoad, M|","|poke|p1|Clefable, M|","|poke|p1|Corviknight, M|","|poke|p2|Barraskewda, M|","|poke|p2|Pelipper, M|","|poke|p2|Dracovish|","|poke|p2|Corsola-Galar, M|","|poke|p2|Excadrill, M|","|poke|p2|Mimikyu, M|","|rule|Dynamax Clause: You cannot dynamax","|teampreview","|","|start","|switch|p1a: Bors|Rotom-Heat|241\/241","|switch|p2a: Corsola|Corsola-Galar, M|324\/324","|turn|1","|","|move|p1a: Bors|Overheat|p2a: Corsola","|-damage|p2a: Corsola|192\/324","|-unboost|p1a: Bors|spa|2","|move|p2a: Corsola|Stealth Rock|p1a: Bors","|-sidestart769|move: Stealth Rock","|","|upkeep","|turn|2","|","|switch|p1a: Gareth|Seismitoad, M|414\/414","|-damage|p1a: Gareth|389\/414|[from] Stealth Rock","|move|p2a: Corsola|Strength Sap|p1a: Gareth","|-unboost|p1a: Gareth|atk|1","|-heal|p2a: Corsola|324\/324","|","|-heal|p1a: Gareth|414\/414|[from] item: Leftovers","|upkeep","|turn|3","|","|move|p1a: Gareth|Toxic|p2a: Corsola","|-status|p2a: Corsola|tox","|move|p2a: Corsola|Will-O-Wisp|p1a: Gareth","|-status|p1a: Gareth|brn","|","|-damage|p1a: Gareth|389\/414 brn|[from] brn","|-damage|p2a: Corsola|304\/324 tox|[from] psn","|upkeep","|turn|4","|","|move|p1a: Gareth|Stealth Rock|p2a: Corsola","|-sidestart26758|move: Stealth Rock","|move|p2a: Corsola|Night Shade|p1a: Gareth","|-damage|p1a: Gareth|289\/414 brn","|","|-heal|p1a: Gareth|314\/414 brn|[from] item: Leftovers","|-damage|p1a: Gareth|289\/414 brn|[from] brn","|-damage|p2a: Corsola|264\/324 tox|[from] psn","|upkeep","|turn|5","|","|switch|p1a: Bors|Rotom-Heat|241\/241","|-damage|p1a: Bors|181\/241|[from] Stealth Rock","|move|p2a: Corsola|Night Shade|p1a: Bors","|-damage|p1a: Bors|81\/241","|","|-damage|p2a: Corsola|204\/324 tox|[from] psn","|upkeep","|turn|6","|","|move|p1a: Bors|Trick|p2a: Corsola","|-activate|p1a: Bors|move: Trick|[of] p2a: Corsola","|-item|p2a: Corsola|Choice Scarf|[from] move: Trick","|-item|p1a: Bors|Eviolite|[from] move: Trick","|move|p2a: Corsola|Night Shade|p1a: Bors","|-damage|p1a: Bors|0 fnt","|faint|p1a: Bors","|","|-damage|p2a: Corsola|124\/324 tox|[from] psn","|upkeep","|","|switch|p1a: Galahad|Clefable, M|380\/380","|turn|7","|","|switch|p2a: Pelipper|Pelipper, M|324\/324","|-damage|p2a: Pelipper|243\/324|[from] Stealth Rock","|-weather|RainDance|[from] ability: Drizzle|[of] p2a: Pelipper","|move|p1a: Galahad|Flamethrower|p2a: Pelipper","|-resisted|p2a: Pelipper","|-damage|p2a: Pelipper|204\/324","|-status|p2a: Pelipper|brn","|","|-weather|RainDance|[upkeep]","|-damage|p2a: Pelipper|184\/324 brn|[from] brn","|upkeep","|turn|8","|","|move|p1a: Galahad|Flamethrower|p2a: Pelipper","|-resisted|p2a: Pelipper","|-damage|p2a: Pelipper|145\/324 brn","|move|p2a: Pelipper|Scald|p1a: Galahad","|-damage|p1a: Galahad|226\/380","|-status|p1a: Galahad|brn","|","|-weather|RainDance|[upkeep]","|-damage|p2a: Pelipper|125\/324 brn|[from] brn","|upkeep","|turn|9","|","|move|p1a: Galahad|Moonblast|p2a: Pelipper","|-damage|p2a: Pelipper|0 fnt","|faint|p2a: Pelipper","|","|-weather|RainDance|[upkeep]","|upkeep","|","|switch|p2a: Barraskewda|Barraskewda, M|263\/263","|-damage|p2a: Barraskewda|231\/263|[from] Stealth Rock","|turn|10","|","|move|p2a: Barraskewda|Liquidation|p1a: Galahad","|-crit|p1a: Galahad","|-damage|p1a: Galahad|0 fnt","|faint|p1a: Galahad","|","|-weather|RainDance|[upkeep]","|upkeep","|","|switch|p1a: Gareth|Seismitoad, M|289\/414 brn","|-damage|p1a: Gareth|264\/414 brn|[from] Stealth Rock","|turn|11","|","|switch|p2a: Corsola|Corsola-Galar, M|124\/324 tox","|-damage|p2a: Corsola|84\/324 tox|[from] Stealth Rock","|move|p1a: Gareth|Toxic|p2a: Corsola","|-fail|p2a: Corsola|tox","|","|-weather|RainDance|[upkeep]","|-heal|p1a: Gareth|289\/414 brn|[from] item: Leftovers","|-damage|p1a: Gareth|264\/414 brn|[from] brn","|-damage|p2a: Corsola|64\/324 tox|[from] psn","|upkeep","|turn|12","|","|move|p1a: Gareth|Scald|p2a: Corsola","|-damage|p2a: Corsola|0 fnt","|faint|p2a: Corsola","|","|-weather|RainDance|[upkeep]","|-heal|p1a: Gareth|289\/414 brn|[from] item: Leftovers","|-damage|p1a: Gareth|264\/414 brn|[from] brn","|upkeep","|","|switch|p2a: Barraskewda|Barraskewda, M|231\/263","|-damage|p2a: Barraskewda|199\/263|[from] Stealth Rock","|turn|13","|","|switch|p1a: Tristan|Corviknight, M|400\/400","|-damage|p1a: Tristan|350\/400|[from] Stealth Rock","|-ability|p1a: Tristan|Pressure","|move|p2a: Barraskewda|Psychic Fangs|p1a: Tristan","|-resisted|p1a: Tristan","|-damage|p1a: Tristan|288\/400","|","|-weather|RainDance|[upkeep]","|-heal|p1a: Tristan|313\/400|[from] item: Leftovers","|upkeep","|turn|14","|","|switch|p2a: Mimikyu|Mimikyu, M|251\/251","|-damage|p2a: Mimikyu|220\/251|[from] Stealth Rock","|move|p1a: Tristan|U-turn|p2a: Mimikyu","|-activate|p2a: Mimikyu|ability: Disguise","|-damage|p2a: Mimikyu|220\/251","|detailschange|p2a: Mimikyu|Mimikyu-Busted, M","|-damage|p2a: Mimikyu|189\/251|[from] ability: Disguise|[of] p2a: Mimikyu","|","|switch|p1a: Lancelot|Bisharp, M|271\/271","|-damage|p1a: Lancelot|255\/271|[from] Stealth Rock","|","|-weather|none","|upkeep","|turn|15","|","|switch|p2a: Barraskewda|Barraskewda, M|199\/263","|-damage|p2a: Barraskewda|167\/263|[from] Stealth Rock","|move|p1a: Lancelot|Iron Head|p2a: Barraskewda","|-resisted|p2a: Barraskewda","|-damage|p2a: Barraskewda|49\/263","|","|upkeep","|turn|16","|","|move|p1a: Lancelot|Sucker Punch|p2a: Barraskewda","|-crit|p2a: Barraskewda","|-damage|p2a: Barraskewda|0 fnt","|faint|p2a: Barraskewda","|","|upkeep","|","|switch|p2a: Excadrill|Excadrill, M|361\/361","|-damage|p2a: Excadrill|350\/361|[from] Stealth Rock","|-ability|p2a: Excadrill|Mold Breaker","|turn|17","|","|switch|p1a: Tristan|Corviknight, M|313\/400","|-damage|p1a: Tristan|263\/400|[from] Stealth Rock","|-ability|p1a: Tristan|Pressure","|move|p2a: Excadrill|Swords Dance|p2a: Excadrill","|-boost|p2a: Excadrill|atk|2","|","|-heal|p1a: Tristan|288\/400|[from] item: Leftovers","|upkeep","|turn|18","|","|move|p2a: Excadrill|Iron Head|p1a: Tristan","|-resisted|p1a: Tristan","|-damage|p1a: Tristan|175\/400","|cant|p1a: Tristan|flinch","|","|-heal|p1a: Tristan|200\/400|[from] item: Leftovers","|upkeep","|turn|19","|","|move|p2a: Excadrill|Iron Head|p1a: Tristan","|-resisted|p1a: Tristan","|-crit|p1a: Tristan","|-damage|p1a: Tristan|7\/400","|move|p1a: Tristan|Roost|p1a: Tristan","|-heal|p1a: Tristan|207\/400","|-singleturn|p1a: Tristan|move: Roost","|","|-heal|p1a: Tristan|232\/400|[from] item: Leftovers","|upkeep","|turn|20","|","|move|p2a: Excadrill|Iron Head|p1a: Tristan","|-resisted|p1a: Tristan","|-damage|p1a: Tristan|103\/400","|cant|p1a: Tristan|flinch","|","|-heal|p1a: Tristan|128\/400|[from] item: Leftovers","|upkeep","|turn|21","|","|move|p2a: Excadrill|Iron Head|p1a: Tristan","|-resisted|p1a: Tristan","|-damage|p1a: Tristan|10\/400","|cant|p1a: Tristan|flinch","|","|-heal|p1a: Tristan|35\/400|[from] item: Leftovers","|upkeep","|turn|22","|","|move|p2a: Excadrill|Iron Head|p1a: Tristan","|-resisted|p1a: Tristan","|-damage|p1a: Tristan|0 fnt","|faint|p1a: Tristan","|","|upkeep","|","|switch|p1a: Gareth|Seismitoad, M|264\/414 brn","|-damage|p1a: Gareth|239\/414 brn|[from] Stealth Rock","|turn|23","|","|move|p2a: Excadrill|Iron Head|p1a: Gareth","|-resisted|p1a: Gareth","|-damage|p1a: Gareth|118\/414 brn","|move|p1a: Gareth|Scald|p2a: Excadrill","|-supereffective|p2a: Excadrill","|-damage|p2a: Excadrill|120\/361","|","|-heal|p1a: Gareth|143\/414 brn|[from] item: Leftovers","|-damage|p1a: Gareth|118\/414 brn|[from] brn","|upkeep","|turn|24","|","|move|p2a: Excadrill|Iron Head|p1a: Gareth","|-resisted|p1a: Gareth","|-damage|p1a: Gareth|0 fnt","|faint|p1a: Gareth","|","|upkeep","|","|switch|p1a: Gawain|Dragapult, M|317\/317","|-damage|p1a: Gawain|278\/317|[from] Stealth Rock","|turn|25","|","|move|p1a: Gawain|Dragon Dance|p1a: Gawain","|-boost|p1a: Gawain|atk|1","|-boost|p1a: Gawain|spe|1","|move|p2a: Excadrill|Iron Head|p1a: Gawain","|-damage|p1a: Gawain|0 fnt","|faint|p1a: Gawain","|","|upkeep","|","|switch|p1a: Lancelot|Bisharp, M|255\/271","|-damage|p1a: Lancelot|239\/271|[from] Stealth Rock","|turn|26","|-message|769 forfeited.","|","|win|26758","|l|\u2606769","|l|\u260626758","|raw|769's rating: 1313 &rarr; <strong>1291<\/strong><br \/>(-22 for losing)","|raw|26758's rating: 1274 &rarr; <strong>1302<\/strong><br \/>(+28 for winning)",""],"p1":"769","p1rating":1312,"p1team":[{"ability":"infiltrator","evs":{"atk":252,"def":4,"hp":0,"spa":0,"spd":0,"spe":252},"gender":"M","happiness":160,"item":"leftovers","ivs":{"atk":31,"def":31,"hp":31,"spa":31,"spd":31,"spe":31},"level":100,"moves":["dragondance","dragondarts","phantomforce","uturn"],"name":"Gawain","nature":"Jolly","species":"dragapult"},{"ability":"levitate","evs":{"atk":0,"def":0,"hp":0,"spa":252,"spd":4,"spe":252},"gender":"N","happiness":160,"item":"choicescarf","ivs":{"atk":0,"def":31,"hp":31,"spa":31,"spd":31,"spe":31},"level":100,"moves":["overheat","voltswitch","trick","thunderbolt"],"name":"Bors","nature":"Timid","species":"rotomheat"},{"ability":"defiant","evs":{"atk":252,"def":4,"hp":0,"spa":0,"spd":0,"spe":252},"gender":"M","happiness":160,"item":"blackglasses","ivs":{"atk":31,"def":31,"hp":31,"spa":31,"spd":31,"spe":31},"level":100,"moves":["swordsdance","ironhead","throatchop","suckerpunch"],"name":"Lancelot","nature":"Adamant","species":"bisharp"},{"ability":"waterabsorb","evs":{"atk":0,"def":252,"hp":252,"spa":0,"spd":4,"spe":0},"gender":"M","happiness":160,"item":"leftovers","ivs":{"atk":31,"def":31,"hp":31,"spa":31,"spd":31,"spe":31},"level":100,"moves":["stealthrock","scald","earthquake","toxic"],"name":"Gareth","nature":"Relaxed","species":"seismitoad"},{"ability":"magicguard","evs":{"atk":0,"def":0,"hp":196,"spa":252,"spd":0,"spe":60},"gender":"M","happiness":160,"item":"lifeorb","ivs":{"atk":0,"def":31,"hp":31,"spa":31,"spd":31,"spe":31},"level":100,"moves":["moonblast","flamethrower","thunderbolt","moonlight"],"name":"Galahad","nature":"Modest","species":"clefable"},{"ability":"pressure","evs":{"atk":0,"def":76,"hp":252,"spa":0,"spd":180,"spe":0},"gender":"M","happiness":160,"item":"leftovers","ivs":{"atk":31,"def":31,"hp":31,"spa":31,"spd":31,"spe":31},"level":100,"moves":["bravebird","roost","defog","uturn"],"name":"Tristan","nature":"Impish","species":"corviknight"}],"p2":"26758","p2rating":1298,"p2team":[{"ability":"swiftswim","evs":{"atk":252,"def":4,"hp":0,"spa":0,"spd":0,"spe":252},"gender":"M","happiness":160,"item":"choiceband","ivs":{"atk":31,"def":31,"hp":31,"spa":31,"spd":31,"spe":31},"level":100,"moves":["liquidation","closecombat","psychicfangs","crunch"],"name":"Barraskewda","nature":"Adamant","species":"Barraskewda"},{"ability":"drizzle","evs":{"atk":0,"def":252,"hp":252,"spa":0,"spd":4,"spe":0},"gender":"M","happiness":160,"item":"damprock","ivs":{"atk":31,"def":31,"hp":31,"spa":31,"spd":31,"spe":31},"level":100,"moves":["scald","roost","uturn","hurricane"],"name":"Pelipper","nature":"Bold","species":"Pelipper"},{"ability":"strongjaw","evs":{"atk":252,"def":0,"hp":0,"spa":0,"spd":4,"spe":252},"gender":"N","happiness":160,"item":"choiceband","ivs":{"atk":31,"def":31,"hp":31,"spa":31,"spd":31,"spe":31},"level":100,"moves":["psychicfangs","fishiousrend","crunch","outrage"],"name":"Dracovish","nature":"Adamant","species":"Dracovish"},{"ability":"cursedbody","evs":{"atk":0,"def":252,"hp":252,"spa":0,"spd":4,"spe":0},"gender":"M","happiness":160,"item":"eviolite","ivs":{"atk":0,"def":31,"hp":31,"spa":31,"spd":31,"spe":31},"level":100,"moves":["willowisp","strengthsap","stealthrock","nightshade"],"name":"Corsola","nature":"Bold","species":"corsolagalar"},{"ability":"moldbreaker","evs":{"atk":252,"def":4,"hp":0,"spa":0,"spd":0,"spe":252},"gender":"M","happiness":160,"item":"focussash","ivs":{"atk":31,"def":31,"hp":31,"spa":31,"spd":31,"spe":31},"level":100,"moves":["swordsdance","earthquake","ironhead","rapidspin"],"name":"Excadrill","nature":"Jolly","species":"Excadrill"},{"ability":"disguise","evs":{"atk":252,"def":0,"hp":0,"spa":0,"spd":4,"spe":252},"gender":"M","happiness":160,"item":"lifeorb","ivs":{"atk":31,"def":31,"hp":31,"spa":31,"spd":31,"spe":31},"level":100,"moves":["playrough","shadowclaw","shadowsneak","swordsdance"],"name":"Mimikyu","nature":"Jolly","species":"Mimikyu"}],"roomid":101621,"score":[1,3],"seed":[49488,54223,16546,64355],"timestamp":"Mon Dec 30 2019 22:XX","turns":26,"winner":"26758","rated_battle":true,"average_rating":1305}