{"endType":"forfeit","format":"gen8ou","inputLog":[">version 518d4b796a162e9e9a64c1ca8201af73cdb168ef",">start {\"formatid\":\"gen8ou\",\"seed\":[8351,28995,11289,40200],\"rated\":\"Rated battle\"}",">player p1 {\"\"name\":\"28482\",\"rating\":1910}",">player p2 {\"\"name\":\"381914\",\"rating\":1721}",">p1 team 3, 2, 1, 4, 5, 6",">p2 team 3, 2, 1, 4, 5, 6",">p1 move psychicfangs",">p2 switch 6",">p1 switch 2",">p2 move banefulbunker",">p1 move airslash",">p2 switch 6",">p1 move flamethrower",">p2 move uturn",">p2 switch 3",">p1 switch 5",">p2 move shadowball",">p1 move darkpulse",">p2 switch 2",">p1 switch 5",">p2 switch 2",">p1 switch 5",">p2 move shadowball",">p1 move darkpulse",">p2 switch 5",">p1 move darkpulse",">p2 move stealthrock",">p1 switch 6",">p2 switch 2",">p1 move closecombat",">p2 switch 4",">p1 switch 3",">p2 move drainingkiss",">p1 move finalgambit",">p2 switch 4",">p1 switch 2",">p1 move fishiousrend",">p2 switch 6",">p1 move fishiousrend",">p2 move banefulbunker",">p1 move fishiousrend",">p2 switch 3",">p2 switch 3",">p1 move fishiousrend",">p2 switch 4",">p1 move fishiousrend",">p2 switch 4",">p1 switch 5",">p2 move recover",">p1 move airslash",">p2 switch 5",">p1 switch 5",">p2 move fireblast",">p1 switch 3",">p1 move plasmafists",">p2 switch 5",">p1 move bulkup",">p2 move scald",">p1 move closecombat",">p2 move banefulbunker",">p1 move closecombat",">p2 move recover",">p1 switch 5",">p1 move substitute",">p2 switch 5",">p1 move airslash",">p2 move shadowball",">p2 switch 6",">p1 move airslash",">p2 move psyshock"],"log":["|raw|<div class=\"broadcast-red\"><strong>This battle is invite-only!<\/strong><br \/>Users must be invited with <code>\/invite<\/code> (or be staff) to join<\/div>","|j|\u260628482","|j|\u2606381914","|player|p1|28482|27|1910","|player|p2|381914|266|1721","|teamsize|p1|6","|teamsize|p2|6","|gametype|singles","|gen|8","|tier|[Gen 8] OU","|rated|","|clearpoke","|poke|p1|Shuckle, F|","|poke|p1|Togekiss, F|","|poke|p1|Dracovish|","|poke|p1|Dragapult, M|","|poke|p1|Hydreigon, M|","|poke|p1|Zeraora|","|poke|p2|Chandelure, F|","|poke|p2|Ditto|","|poke|p2|Corviknight, F|","|poke|p2|Hatterene, F|","|poke|p2|Dugtrio, M|","|poke|p2|Toxapex, M|","|rule|Sleep Clause Mod: Limit one foe put to sleep","|rule|Species Clause: Limit one of each Pok\u00e9mon","|rule|OHKO Clause: OHKO moves are banned","|rule|Evasion Moves Clause: Evasion moves are banned","|rule|Endless Battle Clause: Forcing endless battles is banned","|rule|HP Percentage Mod: HP is shown in percentages","|rule|Dynamax Clause: You cannot dynamax","|teampreview","|","|start","|switch|p1a: Dracovish|Dracovish|321\/321","|switch|p2a: Corviknight|Corviknight, F|400\/400","|-ability|p2a: Corviknight|Pressure","|turn|1","|","|switch|p2a: Toxapex|Toxapex, M|304\/304","|move|p1a: Dracovish|Psychic Fangs|p2a: Toxapex","|-supereffective|p2a: Toxapex","|-damage|p2a: Toxapex|106\/304","|","|-heal|p2a: Toxapex|125\/304|[from] item: Black Sludge","|upkeep","|turn|2","|","|switch|p1a: Togekiss|Togekiss, F|311\/311","|move|p2a: Toxapex|Baneful Bunker||[still]","|-fail|p2a: Toxapex","|","|-heal|p2a: Toxapex|144\/304|[from] item: Black Sludge","|upkeep","|turn|3","|","|switch|p2a: Corviknight|Corviknight, F|400\/400","|-ability|p2a: Corviknight|Pressure","|move|p1a: Togekiss|Air Slash|p2a: Corviknight","|-resisted|p2a: Corviknight","|-damage|p2a: Corviknight|349\/400","|","|-heal|p2a: Corviknight|374\/400|[from] item: Leftovers","|upkeep","|turn|4","|","|move|p1a: Togekiss|Flamethrower|p2a: Corviknight","|-supereffective|p2a: Corviknight","|-damage|p2a: Corviknight|208\/400","|-status|p2a: Corviknight|brn","|move|p2a: Corviknight|U-turn|p1a: Togekiss","|-resisted|p1a: Togekiss","|-damage|p1a: Togekiss|305\/311","|","|switch|p2a: Chandelure|Chandelure, F|261\/261","|","|-heal|p1a: Togekiss|311\/311|[from] item: Leftovers","|upkeep","|turn|5","|","|switch|p1a: Hydreigon|Hydreigon, M|325\/325","|move|p2a: Chandelure|Shadow Ball|p1a: Hydreigon","|-resisted|p1a: Hydreigon","|-damage|p1a: Hydreigon|203\/325","|","|upkeep","|turn|6","|","|switch|p2a: Ditto|Ditto|300\/300","|-transform|p2a: Ditto|p1a: Hydreigon|[from] ability: Imposter","|move|p1a: Hydreigon|Dark Pulse|p2a: Ditto","|-resisted|p2a: Ditto","|-damage|p2a: Ditto|210\/300","|-damage|p1a: Hydreigon|171\/325|[from] item: Life Orb","|","|upkeep","|turn|7","|","|switch|p2a: Chandelure|Chandelure, F|261\/261","|switch|p1a: Togekiss|Togekiss, F|311\/311","|","|upkeep","|turn|8","|","|switch|p1a: Hydreigon|Hydreigon, M|171\/325","|move|p2a: Chandelure|Shadow Ball|p1a: Hydreigon","|-resisted|p1a: Hydreigon","|-damage|p1a: Hydreigon|42\/325","|","|upkeep","|turn|9","|","|switch|p2a: Dugtrio|Dugtrio, M|201\/201","|move|p1a: Hydreigon|Dark Pulse|p2a: Dugtrio","|-enditem|p2a: Dugtrio|Focus Sash","|-damage|p2a: Dugtrio|1\/201","|-damage|p1a: Hydreigon|10\/325|[from] item: Life Orb","|","|upkeep","|turn|10","|","|move|p2a: Dugtrio|Stealth Rock|p1a: Hydreigon","|-sidestart28482|move: Stealth Rock","|move|p1a: Hydreigon|Dark Pulse|p2a: Dugtrio","|-damage|p2a: Dugtrio|0 fnt","|-damage|p1a: Hydreigon|0 fnt|[from] item: Life Orb","|faint|p2a: Dugtrio","|faint|p1a: Hydreigon","|","|upkeep","|","|switch|p2a: Ditto|Ditto|210\/300","|switch|p1a: Zeraora|Zeraora|317\/317","|-damage|p1a: Zeraora|278\/317|[from] Stealth Rock","|-transform|p2a: Ditto|p1a: Zeraora|[from] ability: Imposter","|turn|11","|","|switch|p2a: Hatterene|Hatterene, F|318\/318","|move|p1a: Zeraora|Close Combat|p2a: Hatterene","|-resisted|p2a: Hatterene","|-damage|p2a: Hatterene|284\/318","|-unboost|p1a: Zeraora|def|1","|-unboost|p1a: Zeraora|spd|1","|-damage|p1a: Zeraora|247\/317|[from] item: Life Orb","|","|-heal|p2a: Hatterene|303\/318|[from] item: Leftovers","|upkeep","|turn|12","|","|switch|p1a: Shuckle|Shuckle, F|243\/243","|-damage|p1a: Shuckle|183\/243|[from] Stealth Rock","|move|p2a: Hatterene|Draining Kiss|p1a: Shuckle","|-damage|p1a: Shuckle|141\/243","|-heal|p2a: Hatterene|318\/318|[from] drain|[of] p1a: Shuckle","|-enditem|p1a: Shuckle|Red Card|[of] p2a: Hatterene","|drag|p2a: Ditto|Ditto|210\/300","|-transform|p2a: Ditto|p1a: Shuckle|[from] ability: Imposter","|","|upkeep","|turn|13","|","|switch|p2a: Hatterene|Hatterene, F|318\/318","|move|p1a: Shuckle|Final Gambit|p2a: Hatterene","|-damage|p2a: Hatterene|177\/318","|faint|p1a: Shuckle","|","|-heal|p2a: Hatterene|196\/318|[from] item: Leftovers","|upkeep","|","|switch|p1a: Dracovish|Dracovish|321\/321","|-damage|p1a: Dracovish|281\/321|[from] Stealth Rock","|turn|14","|","|switch|p2a: Toxapex|Toxapex, M|245\/304","|move|p1a: Dracovish|Fishious Rend|p2a: Toxapex","|-resisted|p2a: Toxapex","|-damage|p2a: Toxapex|97\/304","|","|-heal|p2a: Toxapex|116\/304|[from] item: Black Sludge","|upkeep","|turn|15","|","|move|p2a: Toxapex|Baneful Bunker|p2a: Toxapex","|-singleturn|p2a: Toxapex|move: Protect","|move|p1a: Dracovish|Fishious Rend|p2a: Toxapex","|-activate|p2a: Toxapex|move: Protect","|-status|p1a: Dracovish|psn","|","|-heal|p2a: Toxapex|135\/304|[from] item: Black Sludge","|-damage|p1a: Dracovish|241\/321 psn|[from] psn","|upkeep","|turn|16","|","|switch|p2a: Corviknight|Corviknight, F|208\/400 brn","|-ability|p2a: Corviknight|Pressure","|move|p1a: Dracovish|Fishious Rend|p2a: Corviknight","|-damage|p2a: Corviknight|0 fnt","|faint|p2a: Corviknight","|","|-damage|p1a: Dracovish|201\/321 psn|[from] psn","|upkeep","|","|switch|p2a: Toxapex|Toxapex, M|236\/304","|turn|17","|","|switch|p2a: Ditto|Ditto|210\/300","|-transform|p2a: Ditto|p1a: Dracovish|[from] ability: Imposter","|move|p1a: Dracovish|Fishious Rend|p2a: Ditto","|-resisted|p2a: Ditto","|-damage|p2a: Ditto|59\/300","|","|-damage|p1a: Dracovish|161\/321 psn|[from] psn","|upkeep","|turn|18","|","|switch|p2a: Toxapex|Toxapex, M|304\/304","|move|p1a: Dracovish|Fishious Rend|p2a: Toxapex","|-resisted|p2a: Toxapex","|-damage|p2a: Toxapex|157\/304","|","|-heal|p2a: Toxapex|176\/304|[from] item: Black Sludge","|-damage|p1a: Dracovish|121\/321 psn|[from] psn","|upkeep","|turn|19","|","|switch|p1a: Togekiss|Togekiss, F|311\/311","|-damage|p1a: Togekiss|234\/311|[from] Stealth Rock","|move|p2a: Toxapex|Recover|p2a: Toxapex","|-heal|p2a: Toxapex|304\/304","|","|-heal|p1a: Togekiss|253\/311|[from] item: Leftovers","|upkeep","|turn|20","|","|switch|p2a: Chandelure|Chandelure, F|261\/261","|move|p1a: Togekiss|Air Slash|p2a: Chandelure","|-damage|p2a: Chandelure|128\/261","|","|-heal|p1a: Togekiss|272\/311|[from] item: Leftovers","|upkeep","|turn|21","|","|switch|p1a: Dracovish|Dracovish|121\/321 psn","|-damage|p1a: Dracovish|81\/321 psn|[from] Stealth Rock","|move|p2a: Chandelure|Fire Blast|p1a: Dracovish","|-resisted|p1a: Dracovish","|-damage|p1a: Dracovish|0 fnt","|faint|p1a: Dracovish","|","|upkeep","|","|switch|p1a: Zeraora|Zeraora|247\/317","|-damage|p1a: Zeraora|208\/317|[from] Stealth Rock","|turn|22","|","|switch|p2a: Toxapex|Toxapex, M|304\/304","|move|p1a: Zeraora|Plasma Fists|p2a: Toxapex","|-supereffective|p2a: Toxapex","|-damage|p2a: Toxapex|75\/304","|-fieldactivate|move: Ion Deluge","|-damage|p1a: Zeraora|177\/317|[from] item: Life Orb","|","|-heal|p2a: Toxapex|94\/304|[from] item: Black Sludge","|upkeep","|turn|23","|","|move|p1a: Zeraora|Bulk Up|p1a: Zeraora","|-boost|p1a: Zeraora|atk|1","|-boost|p1a: Zeraora|def|1","|move|p2a: Toxapex|Scald|p1a: Zeraora","|-damage|p1a: Zeraora|107\/317","|","|-heal|p2a: Toxapex|113\/304|[from] item: Black Sludge","|upkeep","|turn|24","|","|move|p2a: Toxapex|Baneful Bunker|p2a: Toxapex","|-singleturn|p2a: Toxapex|move: Protect","|move|p1a: Zeraora|Close Combat|p2a: Toxapex","|-activate|p2a: Toxapex|move: Protect","|-status|p1a: Zeraora|psn","|","|-heal|p2a: Toxapex|132\/304|[from] item: Black Sludge","|-damage|p1a: Zeraora|68\/317 psn|[from] psn","|upkeep","|turn|25","|","|move|p1a: Zeraora|Close Combat|p2a: Toxapex","|-resisted|p2a: Toxapex","|-damage|p2a: Toxapex|63\/304","|-unboost|p1a: Zeraora|def|1","|-unboost|p1a: Zeraora|spd|1","|-damage|p1a: Zeraora|37\/317 psn|[from] item: Life Orb","|move|p2a: Toxapex|Recover|p2a: Toxapex","|-heal|p2a: Toxapex|215\/304","|","|-heal|p2a: Toxapex|234\/304|[from] item: Black Sludge","|-damage|p1a: Zeraora|0 fnt|[from] psn","|faint|p1a: Zeraora","|upkeep","|","|switch|p1a: Togekiss|Togekiss, F|272\/311","|-damage|p1a: Togekiss|195\/311|[from] Stealth Rock","|turn|26","|","|switch|p2a: Chandelure|Chandelure, F|128\/261","|move|p1a: Togekiss|Substitute|p1a: Togekiss","|-start|p1a: Togekiss|Substitute","|-damage|p1a: Togekiss|118\/311","|","|-heal|p1a: Togekiss|137\/311|[from] item: Leftovers","|upkeep","|turn|27","|","|move|p1a: Togekiss|Air Slash|p2a: Chandelure","|-damage|p2a: Chandelure|0 fnt","|faint|p2a: Chandelure","|","|-heal|p1a: Togekiss|156\/311|[from] item: Leftovers","|upkeep","|","|switch|p2a: Hatterene|Hatterene, F|196\/318","|turn|28","|","|move|p1a: Togekiss|Air Slash|p2a: Hatterene","|-crit|p2a: Hatterene","|-damage|p2a: Hatterene|4\/318","|cant|p2a: Hatterene|flinch","|","|-heal|p1a: Togekiss|175\/311|[from] item: Leftovers","|-heal|p2a: Hatterene|23\/318|[from] item: Leftovers","|upkeep","|turn|29","|-message|381914 forfeited.","|","|win|28482","|l|\u2606381914","|l|\u260628482","|raw|28482's rating: 1925 &rarr; <strong>1935<\/strong><br \/>(+10 for winning)","|raw|381914's rating: 1721 &rarr; <strong>1712<\/strong><br \/>(-9 for losing)",""],"p1":"28482","p1rating":1910,"p1team":[{"ability":"sturdy","evs":{"atk":0,"def":252,"hp":248,"spa":0,"spd":4,"spe":0},"item":"redcard","ivs":{"atk":0,"def":31,"hp":31,"spa":31,"spd":31,"spe":31},"level":100,"moves":["stealthrock","stickyweb","encore","finalgambit"],"name":"Shuckle","nature":"Bold","species":"Shuckle"},{"ability":"serenegrace","evs":{"atk":0,"def":0,"hp":0,"spa":252,"spd":4,"spe":252},"item":"leftovers","ivs":{"atk":0,"def":31,"hp":31,"spa":31,"spd":31,"spe":31},"level":100,"moves":["nastyplot","airslash","flamethrower","substitute"],"name":"Togekiss","nature":"Timid","species":"Togekiss"},{"ability":"strongjaw","evs":{"atk":252,"def":4,"hp":0,"spa":0,"spd":0,"spe":252},"gender":"N","item":"choiceband","ivs":{"atk":31,"def":31,"hp":31,"spa":31,"spd":31,"spe":31},"level":100,"moves":["fishiousrend","crunch","outrage","psychicfangs"],"name":"Dracovish","nature":"Adamant","species":"Dracovish"},{"ability":"infiltrator","evs":{"atk":252,"def":0,"hp":0,"spa":0,"spd":4,"spe":252},"item":"lifeorb","ivs":{"atk":31,"def":31,"hp":31,"spa":31,"spd":31,"spe":31},"level":100,"moves":["dragondance","dragondarts","steelwing","suckerpunch"],"name":"Dragapult","nature":"Adamant","species":"Dragapult"},{"ability":"levitate","evs":{"atk":0,"def":0,"hp":0,"spa":252,"spd":4,"spe":252},"item":"lifeorb","ivs":{"atk":0,"def":31,"hp":31,"spa":31,"spd":31,"spe":31},"level":100,"moves":["nastyplot","darkpulse","flashcannon","dracometeor"],"name":"Hydreigon","nature":"Timid","species":"Hydreigon"},{"ability":"voltabsorb","evs":{"atk":252,"def":4,"hp":0,"spa":0,"spd":0,"spe":252},"gender":"N","item":"lifeorb","ivs":{"atk":31,"def":31,"hp":31,"spa":31,"spd":31,"spe":31},"level":100,"moves":["closecombat","plasmafists","bulkup","playrough"],"name":"Zeraora","nature":"Jolly","species":"Zeraora"}],"p2":"381914","p2rating":1721,"p2team":[{"ability":"infiltrator","evs":{"atk":0,"def":0,"hp":0,"spa":252,"spd":4,"spe":252},"item":"choicespecs","ivs":{"atk":0,"def":31,"hp":31,"spa":31,"spd":31,"spe":31},"level":100,"moves":["fireblast","shadowball","energyball","psychic"],"name":"Chandelure","nature":"Timid","species":"Chandelure"},{"ability":"imposter","evs":{"atk":0,"def":252,"hp":252,"spa":0,"spd":4,"spe":0},"gender":"N","item":"choicescarf","ivs":{"atk":31,"def":31,"hp":31,"spa":31,"spd":31,"spe":31},"level":100,"moves":["transform"],"name":"Ditto","nature":"Impish","species":"Ditto"},{"ability":"pressure","evs":{"atk":0,"def":4,"hp":252,"spa":0,"spd":252,"spe":0},"item":"leftovers","ivs":{"atk":31,"def":31,"hp":31,"spa":31,"spd":31,"spe":27},"level":100,"moves":["ironhead","uturn","roost","defog"],"name":"Corviknight","nature":"Careful","species":"Corviknight"},{"ability":"magicbounce","evs":{"atk":0,"def":204,"hp":252,"spa":0,"spd":0,"spe":52},"gender":"F","item":"leftovers","ivs":{"atk":0,"def":31,"hp":31,"spa":31,"spd":31,"spe":31},"level":100,"moves":["calmmind","psyshock","drainingkiss","mysticalfire"],"name":"Hatterene","nature":"Bold","species":"Hatterene"},{"ability":"arenatrap","evs":{"atk":252,"def":0,"hp":4,"spa":0,"spd":0,"spe":252},"item":"focussash","ivs":{"atk":31,"def":0,"hp":20,"spa":31,"spd":0,"spe":31},"level":100,"moves":["stealthrock","earthquake","reversal","toxic"],"name":"Dugtrio","nature":"Hasty","species":"Dugtrio"},{"ability":"regenerator","evs":{"atk":0,"def":252,"hp":252,"spa":0,"spd":4,"spe":0},"item":"blacksludge","ivs":{"atk":0,"def":31,"hp":31,"spa":31,"spd":31,"spe":31},"level":100,"moves":["scald","recover","toxic","banefulbunker"],"name":"Toxapex","nature":"Bold","species":"Toxapex"}],"roomid":6425043,"score":[2,3],"seed":[8351,28995,11289,40200],"timestamp":"Tue Feb 18 2020 15:XX","turns":29,"winner":"28482","rated_battle":true,"average_rating":1815}