{"endType":"forfeit","format":"gen8ou","inputLog":[">version fd43f650e4fbb4787717d3d004113525bc475161",">start {\"formatid\":\"gen8ou\",\"seed\":[63633,36847,24804,3610],\"rated\":\"Rated battle\"}",">player p1 {\"\"name\":\"10123\",\"rating\":1961}",">player p2 {\"\"name\":\"112264\",\"rating\":1794}",">p1 team 6, 2, 3, 4, 5, 1",">p2 team 4, 2, 3, 1, 5, 6",">p1 switch 4",">p2 move ironhead",">p1 move nastyplot",">p2 switch 6",">p1 move flashcannon",">p2 move moonblast",">p2 switch 6",">p1 switch 6",">p2 move shadowsneak",">p1 switch 6",">p2 switch 5",">p1 move darkpulse",">p2 move toxic",">p1 switch 5",">p1 move substitute",">p2 move toxic",">p1 move nastyplot",">p2 switch 5",">p1 move yawn",">p2 move ironhead",">p1 move substitute",">p2 switch 3",">p1 move airslash",">p2 move flashcannon",">p1 move airslash",">p2 switch 3",">p1 move substitute",">p2 move ironhead",">p1 move airslash",">p2 switch 2"],"log":["|j|\u260610123","|j|\u2606112264","|player|p1|10123|byron|1961","|player|p2|112264|2|1794","|teamsize|p1|6","|teamsize|p2|6","|gametype|singles","|gen|8","|tier|[Gen 8] OU","|rated|","|clearpoke","|poke|p1|Grimmsnarl, M|","|poke|p1|Cloyster, M|","|poke|p1|Dugtrio, F|","|poke|p1|Hydreigon, M|","|poke|p1|Togekiss, F|","|poke|p1|Hatterene, F|","|poke|p2|Toxapex, F|","|poke|p2|Ferrothorn, M|","|poke|p2|Hydreigon, F|","|poke|p2|Aegislash, M|","|poke|p2|Seismitoad, F|","|poke|p2|Clefable, M|","|rule|Sleep Clause Mod: Limit one foe put to sleep","|rule|Species Clause: Limit one of each Pok\u00e9mon","|rule|OHKO Clause: OHKO moves are banned","|rule|Evasion Moves Clause: Evasion moves are banned","|rule|Endless Battle Clause: Forcing endless battles is banned","|rule|HP Percentage Mod: HP is shown in percentages","|rule|Dynamax Clause: You cannot dynamax","|teampreview","|raw|<div class=\"broadcast-red\"><strong>Moderated join is set to sync with modchat!<\/strong><br \/>Only users who can speak in modchat can join.<\/div>","|raw|<div class=\"broadcast-red\"><strong>Moderated chat was set to +!<\/strong><br \/>Only users of rank + and higher can talk.<\/div>","|","|start","|switch|p1a: Hatterene|Hatterene, F|318\/318","|switch|p2a: Aegislash|Aegislash, M|262\/262","|turn|1","|","|switch|p1a: Hydreigon|Hydreigon, M|325\/325","|-formechange|p2a: Aegislash|Aegislash-Blade||[from] ability: Stance Change","|move|p2a: Aegislash|Iron Head|p1a: Hydreigon","|-damage|p1a: Hydreigon|76\/325","|","|upkeep","|turn|2","|","|switch|p2a: Clefable|Clefable, M|394\/394","|move|p1a: Hydreigon|Nasty Plot|p1a: Hydreigon","|-boost|p1a: Hydreigon|spa|2","|","|upkeep","|turn|3","|","|move|p1a: Hydreigon|Flash Cannon|p2a: Clefable","|-supereffective|p2a: Clefable","|-crit|p2a: Clefable","|-damage|p2a: Clefable|0 fnt","|-damage|p1a: Hydreigon|44\/325|[from] item: Life Orb","|faint|p2a: Clefable","|","|upkeep","|","|switch|p2a: Aegislash|Aegislash, M|262\/262","|turn|4","|","|switch|p1a: Grimmsnarl|Grimmsnarl, M|390\/390","|-formechange|p2a: Aegislash|Aegislash-Blade||[from] ability: Stance Change","|move|p2a: Aegislash|Shadow Sneak|p1a: Grimmsnarl","|-resisted|p1a: Grimmsnarl","|-damage|p1a: Grimmsnarl|331\/390","|","|upkeep","|turn|5","|","|switch|p2a: Seismitoad|Seismitoad, F|414\/414","|switch|p1a: Hydreigon|Hydreigon, M|44\/325","|","|upkeep","|turn|6","|","|move|p1a: Hydreigon|Dark Pulse|p2a: Seismitoad","|-damage|p2a: Seismitoad|203\/414","|-damage|p1a: Hydreigon|12\/325|[from] item: Life Orb","|move|p2a: Seismitoad|Toxic|p1a: Hydreigon","|-status|p1a: Hydreigon|tox","|","|-heal|p2a: Seismitoad|228\/414|[from] item: Leftovers","|-damage|p1a: Hydreigon|0 fnt|[from] psn","|faint|p1a: Hydreigon","|upkeep","|","|switch|p1a: Togekiss|Togekiss, F|311\/311","|turn|7","|","|move|p1a: Togekiss|Substitute|p1a: Togekiss","|-start|p1a: Togekiss|Substitute","|-damage|p1a: Togekiss|234\/311","|move|p2a: Seismitoad|Toxic||[still]","|-fail|p2a: Seismitoad","|","|-heal|p1a: Togekiss|253\/311|[from] item: Leftovers","|-heal|p2a: Seismitoad|253\/414|[from] item: Leftovers","|upkeep","|turn|8","|","|switch|p2a: Aegislash|Aegislash, M|262\/262","|move|p1a: Togekiss|Nasty Plot|p1a: Togekiss","|-boost|p1a: Togekiss|spa|2","|","|-heal|p1a: Togekiss|272\/311|[from] item: Leftovers","|upkeep","|turn|9","|","|move|p1a: Togekiss|Yawn|p2a: Aegislash","|-start|p2a: Aegislash|move: Yawn|[of] p1a: Togekiss","|-formechange|p2a: Aegislash|Aegislash-Blade||[from] ability: Stance Change","|move|p2a: Aegislash|Iron Head|p1a: Togekiss","|-supereffective|p1a: Togekiss","|-end|p1a: Togekiss|Substitute","|","|-heal|p1a: Togekiss|291\/311|[from] item: Leftovers","|upkeep","|turn|10","|","|switch|p2a: Hydreigon|Hydreigon, F|325\/325","|move|p1a: Togekiss|Substitute|p1a: Togekiss","|-start|p1a: Togekiss|Substitute","|-damage|p1a: Togekiss|214\/311","|","|-heal|p1a: Togekiss|233\/311|[from] item: Leftovers","|upkeep","|turn|11","|","|move|p2a: Hydreigon|Flash Cannon|p1a: Togekiss","|-supereffective|p1a: Togekiss","|-crit|p1a: Togekiss","|-end|p1a: Togekiss|Substitute","|move|p1a: Togekiss|Air Slash|p2a: Hydreigon","|-damage|p2a: Hydreigon|52\/325","|","|-heal|p2a: Hydreigon|72\/325|[from] item: Leftovers","|-heal|p1a: Togekiss|252\/311|[from] item: Leftovers","|upkeep","|turn|12","|","|switch|p2a: Aegislash|Aegislash, M|262\/262","|move|p1a: Togekiss|Air Slash|p2a: Aegislash","|-resisted|p2a: Aegislash","|-crit|p2a: Aegislash","|-damage|p2a: Aegislash|120\/262","|","|-heal|p1a: Togekiss|271\/311|[from] item: Leftovers","|upkeep","|turn|13","|","|move|p1a: Togekiss|Substitute|p1a: Togekiss","|-start|p1a: Togekiss|Substitute","|-damage|p1a: Togekiss|194\/311","|-formechange|p2a: Aegislash|Aegislash-Blade||[from] ability: Stance Change","|move|p2a: Aegislash|Iron Head|p1a: Togekiss","|-supereffective|p1a: Togekiss","|-end|p1a: Togekiss|Substitute","|","|-heal|p1a: Togekiss|213\/311|[from] item: Leftovers","|upkeep","|turn|14","|","|switch|p2a: Ferrothorn|Ferrothorn, M|352\/352","|move|p1a: Togekiss|Air Slash|p2a: Ferrothorn","|-damage|p2a: Ferrothorn|133\/352","|","|-heal|p1a: Togekiss|232\/311|[from] item: Leftovers","|-heal|p2a: Ferrothorn|155\/352|[from] item: Leftovers","|upkeep","|turn|15","|-message|112264 forfeited.","|","|win|10123","|l|\u2606112264","|raw|10123's rating: 1927 &rarr; <strong>1940<\/strong><br \/>(+13 for winning)","|raw|112264's rating: 1794 &rarr; <strong>1781<\/strong><br \/>(-13 for losing)",""],"p1":"10123","p1rating":1961,"p1team":[{"ability":"prankster","evs":{"atk":4,"def":236,"hp":236,"spa":0,"spd":0,"spe":32},"gender":"M","item":"lightclay","ivs":{"atk":31,"def":31,"hp":31,"spa":31,"spd":31,"spe":31},"level":100,"moves":["thunderwave","reflect","spiritbreak","lightscreen"],"name":"Grimmsnarl","nature":"Impish","species":"Grimmsnarl"},{"ability":"skilllink","evs":{"atk":252,"def":0,"hp":0,"spa":0,"spd":4,"spe":252},"item":"kingsrock","ivs":{"atk":31,"def":31,"hp":31,"spa":31,"spd":31,"spe":31},"level":100,"moves":["iciclespear","rockblast","iceshard","shellsmash"],"name":"Cloyster","nature":"Adamant","species":"Cloyster"},{"ability":"arenatrap","evs":{"atk":252,"def":0,"hp":0,"spa":0,"spd":4,"spe":252},"item":"focussash","ivs":{"atk":31,"def":31,"hp":31,"spa":31,"spd":31,"spe":31},"level":100,"moves":["earthquake","stealthrock","memento","stoneedge"],"name":"Dugtrio","nature":"Jolly","species":"Dugtrio"},{"ability":"levitate","evs":{"atk":0,"def":0,"hp":0,"spa":252,"spd":4,"spe":252},"item":"lifeorb","ivs":{"atk":0,"def":31,"hp":31,"spa":31,"spd":31,"spe":31},"level":100,"moves":["dracometeor","darkpulse","flashcannon","nastyplot"],"name":"Hydreigon","nature":"Timid","species":"Hydreigon"},{"ability":"serenegrace","evs":{"atk":0,"def":0,"hp":0,"spa":252,"spd":4,"spe":252},"item":"leftovers","ivs":{"atk":0,"def":31,"hp":31,"spa":31,"spd":31,"spe":31},"level":100,"moves":["airslash","substitute","nastyplot","yawn"],"name":"Togekiss","nature":"Timid","species":"Togekiss"},{"ability":"magicbounce","evs":{"atk":0,"def":0,"hp":252,"spa":252,"spd":0,"spe":4},"gender":"F","item":"leftovers","ivs":{"atk":31,"def":31,"hp":31,"spa":31,"spd":31,"spe":31},"level":100,"moves":["nuzzle","mysticalfire","psychic","drainingkiss"],"name":"Hatterene","nature":"Modest","species":"Hatterene"}],"p2":"112264","p2rating":1794,"p2team":[{"ability":"regenerator","evs":{"atk":0,"def":252,"hp":252,"spa":0,"spd":4,"spe":0},"item":"blacksludge","ivs":{"atk":0,"def":31,"hp":31,"spa":31,"spd":31,"spe":31},"level":100,"moves":["toxic","banefulbunker","recover","scald"],"name":"Toxapex","nature":"Bold","species":"Toxapex"},{"ability":"ironbarbs","evs":{"atk":4,"def":252,"hp":252,"spa":0,"spd":0,"spe":0},"item":"leftovers","ivs":{"atk":31,"def":31,"hp":31,"spa":31,"spd":31,"spe":31},"level":100,"moves":["protect","spikes","bodypress","leechseed"],"name":"Ferrothorn","nature":"Relaxed","species":"Ferrothorn"},{"ability":"levitate","evs":{"atk":0,"def":0,"hp":0,"spa":252,"spd":4,"spe":252},"item":"leftovers","ivs":{"atk":0,"def":31,"hp":31,"spa":31,"spd":31,"spe":31},"level":100,"moves":["dracometeor","flashcannon","fireblast","nastyplot"],"name":"Hydreigon","nature":"Timid","species":"Hydreigon"},{"ability":"stancechange","evs":{"atk":252,"def":0,"hp":4,"spa":0,"spd":0,"spe":252},"item":"choiceband","ivs":{"atk":31,"def":31,"hp":31,"spa":31,"spd":31,"spe":31},"level":100,"moves":["ironhead","closecombat","shadowclaw","shadowsneak"],"name":"Aegislash","nature":"Adamant","species":"Aegislash"},{"ability":"waterabsorb","evs":{"atk":0,"def":252,"hp":252,"spa":4,"spd":0,"spe":0},"item":"leftovers","ivs":{"atk":0,"def":31,"hp":31,"spa":31,"spd":31,"spe":31},"level":100,"moves":["toxic","stealthrock","scald","earthpower"],"name":"Seismitoad","nature":"Bold","species":"Seismitoad"},{"ability":"magicguard","evs":{"atk":0,"def":0,"hp":252,"spa":4,"spd":252,"spe":0},"item":"leftovers","ivs":{"atk":0,"def":31,"hp":31,"spa":31,"spd":31,"spe":31},"level":100,"moves":["moonblast","wish","protect","thunderwave"],"name":"Clefable","nature":"Calm","species":"Clefable"}],"roomid":2886281,"score":[5,5],"seed":[63633,36847,24804,3610],"timestamp":"Thu Jan 09 2020 06:XX","turns":15,"winner":"10123","rated_battle":true,"average_rating":1877}