{"endType":"forfeit","format":"gen8ou","inputLog":[">version 87844488c466a161a600897e56babbe42906b6d1",">start {\"formatid\":\"gen8ou\",\"seed\":[5854,35368,62699,6301],\"rated\":\"Rated battle\"}",">player p1 {\"\"name\":\"27403\",\"rating\":1752}",">player p2 {\"\"name\":\"121649\",\"rating\":1849}",">p1 team 2, 1, 3, 4, 5, 6",">p2 team 3, 2, 1, 4, 5, 6",">p1 switch 5",">p2 move nastyplot",">p1 move uturn",">p2 move dracometeor",">p1 switch 3",">p1 switch 4",">p2 switch 3",">p1 move substitute",">p2 switch 6",">p1 move bellydrum",">p2 move bravebird",">p1 move drainpunch",">p2 move bravebird",">p2 switch 5",">p1 move drainpunch",">p2 switch 2",">p1 move drainpunch",">p2 move flashcannon",">p1 switch 2",">p1 move coil",">p2 switch 2",">p1 move firelash",">p2 switch 4",">p1 move firelash",">p2 move toxic",">p1 move firelash",">p2 switch 3",">p1 move rest",">p2 move dracometeor",">p1 move sleeptalk",">p2 switch 4",">p1 move sleeptalk",">p2 move stealthrock",">p1 move firelash",">p2 switch 3",">p1 move firelash",">p2 move scald",">p1 move firelash",">p2 switch 2",">p2 switch 4",">p1 switch 5",">p2 move dracometeor",">p1 switch 5",">p1 move coil",">p2 switch 2",">p1 move firelash",">p2 move scald",">p1 move rest",">p2 switch 2",">p1 move sleeptalk",">p2 move nastyplot",">p1 switch 6",">p2 move dracometeor",">p1 switch 4",">p1 switch 6",">p2 switch 2",">p1 move sleeptalk",">p2 switch 6",">p1 move coil",">p2 move wish",">p1 move firelash",">p2 switch 6",">p1 move coil",">p2 move scald",">p1 move coil",">p2 move scald",">p1 move firelash",">p2 move scald",">p1 move firelash",">p2 move scald",">p1 move rest",">p2 switch 2",">p1 move sleeptalk",">p2 move nastyplot",">p1 move sleeptalk",">p2 move dracometeor"],"log":["|j|\u260627403","|j|\u2606121649","|player|p1|27403|gambler|1752","|player|p2|121649|burglar|1849","|teamsize|p1|6","|teamsize|p2|6","|gametype|singles","|gen|8","|tier|[Gen 8] OU","|rated|","|clearpoke","|poke|p1|Centiskorch, F|","|poke|p1|Seismitoad, F|","|poke|p1|Dragapult, F|","|poke|p1|Kommo-o, F|","|poke|p1|Mandibuzz, F|","|poke|p1|Toxtricity, F|","|poke|p2|Sylveon, M|","|poke|p2|Aegislash, F|","|poke|p2|Hydreigon, F|","|poke|p2|Toxapex, F|","|poke|p2|Hippowdon, M|","|poke|p2|Corviknight, F|","|rule|Sleep Clause Mod: Limit one foe put to sleep","|rule|Species Clause: Limit one of each Pok\u00e9mon","|rule|OHKO Clause: OHKO moves are banned","|rule|Evasion Moves Clause: Evasion moves are banned","|rule|Endless Battle Clause: Forcing endless battles is banned","|rule|HP Percentage Mod: HP is shown in percentages","|rule|Dynamax Clause: You cannot dynamax","|teampreview","|raw|<div class=\"broadcast-red\"><strong>Moderated join is set to sync with modchat!<\/strong><br \/>Only users who can speak in modchat can join.<\/div>","|raw|<div class=\"broadcast-red\"><strong>Moderated chat was set to +!<\/strong><br \/>Only users of rank + and higher can talk.<\/div>","|raw|<div class=\"broadcast-red\"><strong>This room is now invite only!<\/strong><br \/>Users must be rank % or invited with <code>\/invite<\/code> to join<\/div>","|","|start","|switch|p1a: Seismitoad|Seismitoad, F|414\/414","|switch|p2a: Hydreigon|Hydreigon, F|325\/325","|turn|1","|","|switch|p1a: Mandibuzz|Mandibuzz, F|424\/424","|move|p2a: Hydreigon|Nasty Plot|p2a: Hydreigon","|-boost|p2a: Hydreigon|spa|2","|","|upkeep","|turn|2","|","|move|p2a: Hydreigon|Draco Meteor|p1a: Mandibuzz","|-damage|p1a: Mandibuzz|0 fnt","|-unboost|p2a: Hydreigon|spa|2","|-damage|p2a: Hydreigon|293\/325|[from] item: Life Orb","|faint|p1a: Mandibuzz","|","|upkeep","|","|switch|p1a: Dragapult|Dragapult, F|317\/317","|turn|3","|","|switch|p1a: Kommo-o|Kommo-o, F|292\/292","|switch|p2a: Sylveon|Sylveon, M|394\/394","|","|upkeep","|turn|4","|","|switch|p2a: Corviknight|Corviknight, F|400\/400","|-ability|p2a: Corviknight|Pressure","|move|p1a: Kommo-o|Substitute|p1a: Kommo-o","|-start|p1a: Kommo-o|Substitute","|-damage|p1a: Kommo-o|219\/292","|","|upkeep","|turn|5","|","|move|p1a: Kommo-o|Belly Drum|p1a: Kommo-o","|-damage|p1a: Kommo-o|73\/292","|-setboost|p1a: Kommo-o|atk|6|[from] move: Belly Drum","|-enditem|p1a: Kommo-o|Salac Berry|[eat]","|-boost|p1a: Kommo-o|spe|1","|move|p2a: Corviknight|Brave Bird|p1a: Kommo-o","|-supereffective|p1a: Kommo-o","|-end|p1a: Kommo-o|Substitute","|-damage|p2a: Corviknight|376\/400|[from] Recoil|[of] p1a: Kommo-o","|","|-heal|p2a: Corviknight|400\/400|[from] item: Leftovers","|upkeep","|turn|6","|","|move|p1a: Kommo-o|Drain Punch|p2a: Corviknight","|-damage|p2a: Corviknight|49\/400","|-heal|p1a: Kommo-o|249\/292|[from] drain|[of] p2a: Corviknight","|move|p2a: Corviknight|Brave Bird|p1a: Kommo-o","|-supereffective|p1a: Kommo-o","|-damage|p1a: Kommo-o|33\/292","|-damage|p2a: Corviknight|0 fnt|[from] Recoil","|faint|p2a: Corviknight","|","|upkeep","|","|switch|p2a: Hippowdon|Hippowdon, M|420\/420","|-weather|Sandstorm|[from] ability: Sand Stream|[of] p2a: Hippowdon","|turn|7","|","|switch|p2a: Aegislash|Aegislash, F|261\/261","|move|p1a: Kommo-o|Drain Punch|p2a: Aegislash","|-immune|p2a: Aegislash","|","|-weather|Sandstorm|[upkeep]","|-damage|p1a: Kommo-o|15\/292|[from] Sandstorm","|upkeep","|turn|8","|","|move|p1a: Kommo-o|Drain Punch|p2a: Aegislash","|-immune|p2a: Aegislash","|-formechange|p2a: Aegislash|Aegislash-Blade||[from] ability: Stance Change","|move|p2a: Aegislash|Flash Cannon|p1a: Kommo-o","|-damage|p1a: Kommo-o|0 fnt","|faint|p1a: Kommo-o","|","|-weather|Sandstorm|[upkeep]","|upkeep","|","|switch|p1a: Centiskorch|Centiskorch, F|403\/403","|turn|9","|","|switch|p2a: Hippowdon|Hippowdon, M|420\/420","|move|p1a: Centiskorch|Coil|p1a: Centiskorch","|-boost|p1a: Centiskorch|atk|1","|-boost|p1a: Centiskorch|def|1","|-boost|p1a: Centiskorch|accuracy|1","|","|-weather|Sandstorm|[upkeep]","|-damage|p1a: Centiskorch|378\/403|[from] Sandstorm","|upkeep","|turn|10","|","|switch|p2a: Toxapex|Toxapex, F|304\/304","|move|p1a: Centiskorch|Fire Lash|p2a: Toxapex","|-resisted|p2a: Toxapex","|-damage|p2a: Toxapex|265\/304","|-unboost|p2a: Toxapex|def|1","|","|-weather|Sandstorm|[upkeep]","|-damage|p1a: Centiskorch|353\/403|[from] Sandstorm","|-damage|p2a: Toxapex|246\/304|[from] Sandstorm","|-heal|p2a: Toxapex|265\/304|[from] item: Black Sludge","|upkeep","|turn|11","|","|move|p1a: Centiskorch|Fire Lash|p2a: Toxapex","|-resisted|p2a: Toxapex","|-damage|p2a: Toxapex|205\/304","|-unboost|p2a: Toxapex|def|1","|move|p2a: Toxapex|Toxic|p1a: Centiskorch","|-status|p1a: Centiskorch|tox","|","|-weather|none","|-heal|p2a: Toxapex|224\/304|[from] item: Black Sludge","|-damage|p1a: Centiskorch|328\/403 tox|[from] psn","|upkeep","|turn|12","|","|switch|p2a: Hydreigon|Hydreigon, F|293\/325","|move|p1a: Centiskorch|Fire Lash|p2a: Hydreigon","|-resisted|p2a: Hydreigon","|-damage|p2a: Hydreigon|208\/325","|-unboost|p2a: Hydreigon|def|1","|","|-damage|p1a: Centiskorch|278\/403 tox|[from] psn","|upkeep","|turn|13","|","|move|p2a: Hydreigon|Draco Meteor|p1a: Centiskorch","|-damage|p1a: Centiskorch|19\/403 tox","|-unboost|p2a: Hydreigon|spa|2","|-damage|p2a: Hydreigon|176\/325|[from] item: Life Orb","|move|p1a: Centiskorch|Rest|p1a: Centiskorch","|-status|p1a: Centiskorch|slp|[from] move: Rest","|-heal|p1a: Centiskorch|403\/403 slp|[silent]","|","|upkeep","|turn|14","|","|switch|p2a: Hippowdon|Hippowdon, M|420\/420","|-weather|Sandstorm|[from] ability: Sand Stream|[of] p2a: Hippowdon","|cant|p1a: Centiskorch|slp","|move|p1a: Centiskorch|Sleep Talk|p1a: Centiskorch","|move|p1a: Centiskorch|Coil|p1a: Centiskorch|[from]Sleep Talk","|-boost|p1a: Centiskorch|atk|1","|-boost|p1a: Centiskorch|def|1","|-boost|p1a: Centiskorch|accuracy|1","|","|-weather|Sandstorm|[upkeep]","|-damage|p1a: Centiskorch|378\/403 slp|[from] Sandstorm","|upkeep","|turn|15","|","|cant|p1a: Centiskorch|slp","|move|p1a: Centiskorch|Sleep Talk|p1a: Centiskorch","|move|p1a: Centiskorch|Rest|p1a: Centiskorch|[from]Sleep Talk","|-fail|p1a: Centiskorch","|move|p2a: Hippowdon|Stealth Rock|p1a: Centiskorch","|-sidestart27403|move: Stealth Rock","|","|-weather|Sandstorm|[upkeep]","|-damage|p1a: Centiskorch|353\/403 slp|[from] Sandstorm","|upkeep","|turn|16","|","|switch|p2a: Toxapex|Toxapex, F|304\/304","|-curestatus|p1a: Centiskorch|slp|[msg]","|move|p1a: Centiskorch|Fire Lash|p2a: Toxapex","|-resisted|p2a: Toxapex","|-damage|p2a: Toxapex|245\/304","|-unboost|p2a: Toxapex|def|1","|","|-weather|Sandstorm|[upkeep]","|-damage|p1a: Centiskorch|328\/403|[from] Sandstorm","|-damage|p2a: Toxapex|226\/304|[from] Sandstorm","|-heal|p2a: Toxapex|245\/304|[from] item: Black Sludge","|upkeep","|turn|17","|","|move|p1a: Centiskorch|Fire Lash|p2a: Toxapex","|-resisted|p2a: Toxapex","|-damage|p2a: Toxapex|162\/304","|-unboost|p2a: Toxapex|def|1","|move|p2a: Toxapex|Scald|p1a: Centiskorch","|-supereffective|p1a: Centiskorch","|-damage|p1a: Centiskorch|230\/403","|","|-weather|Sandstorm|[upkeep]","|-damage|p1a: Centiskorch|205\/403|[from] Sandstorm","|-damage|p2a: Toxapex|143\/304|[from] Sandstorm","|-heal|p2a: Toxapex|162\/304|[from] item: Black Sludge","|upkeep","|turn|18","|","|switch|p2a: Aegislash|Aegislash, F|261\/261","|move|p1a: Centiskorch|Fire Lash|p2a: Aegislash","|-supereffective|p2a: Aegislash","|-damage|p2a: Aegislash|0 fnt","|faint|p2a: Aegislash","|","|-weather|none","|upkeep","|","|switch|p2a: Hydreigon|Hydreigon, F|176\/325","|turn|19","|","|switch|p1a: Seismitoad|Seismitoad, F|414\/414","|-damage|p1a: Seismitoad|389\/414|[from] Stealth Rock","|move|p2a: Hydreigon|Draco Meteor|p1a: Seismitoad","|-damage|p1a: Seismitoad|0 fnt","|-unboost|p2a: Hydreigon|spa|2","|-damage|p2a: Hydreigon|144\/325|[from] item: Life Orb","|faint|p1a: Seismitoad","|","|upkeep","|","|switch|p1a: Centiskorch|Centiskorch, F|205\/403","|turn|20","|","|switch|p2a: Toxapex|Toxapex, F|263\/304","|move|p1a: Centiskorch|Coil|p1a: Centiskorch","|-boost|p1a: Centiskorch|atk|1","|-boost|p1a: Centiskorch|def|1","|-boost|p1a: Centiskorch|accuracy|1","|","|-heal|p2a: Toxapex|282\/304|[from] item: Black Sludge","|upkeep","|turn|21","|","|move|p1a: Centiskorch|Fire Lash|p2a: Toxapex","|-resisted|p2a: Toxapex","|-damage|p2a: Toxapex|239\/304","|-unboost|p2a: Toxapex|def|1","|move|p2a: Toxapex|Scald|p1a: Centiskorch","|-supereffective|p1a: Centiskorch","|-damage|p1a: Centiskorch|113\/403","|","|-heal|p2a: Toxapex|258\/304|[from] item: Black Sludge","|upkeep","|turn|22","|","|switch|p2a: Hydreigon|Hydreigon, F|144\/325","|move|p1a: Centiskorch|Rest|p1a: Centiskorch","|-status|p1a: Centiskorch|slp|[from] move: Rest","|-heal|p1a: Centiskorch|403\/403 slp|[silent]","|","|upkeep","|turn|23","|","|move|p2a: Hydreigon|Nasty Plot|p2a: Hydreigon","|-boost|p2a: Hydreigon|spa|2","|cant|p1a: Centiskorch|slp","|move|p1a: Centiskorch|Sleep Talk|p1a: Centiskorch","|move|p1a: Centiskorch|Coil|p1a: Centiskorch|[from]Sleep Talk","|-boost|p1a: Centiskorch|atk|1","|-boost|p1a: Centiskorch|def|1","|-boost|p1a: Centiskorch|accuracy|1","|","|upkeep","|turn|24","|","|switch|p1a: Toxtricity|Toxtricity, F|291\/291","|-damage|p1a: Toxtricity|255\/291|[from] Stealth Rock","|move|p2a: Hydreigon|Draco Meteor|p1a: Toxtricity","|-damage|p1a: Toxtricity|0 fnt","|-unboost|p2a: Hydreigon|spa|2","|-damage|p2a: Hydreigon|112\/325|[from] item: Life Orb","|faint|p1a: Toxtricity","|","|upkeep","|","|switch|p1a: Dragapult|Dragapult, F|317\/317","|-damage|p1a: Dragapult|278\/317|[from] Stealth Rock","|turn|25","|","|switch|p1a: Centiskorch|Centiskorch, F|403\/403 slp","|switch|p2a: Toxapex|Toxapex, F|304\/304","|","|upkeep","|turn|26","|","|switch|p2a: Sylveon|Sylveon, M|394\/394","|cant|p1a: Centiskorch|slp","|move|p1a: Centiskorch|Sleep Talk|p1a: Centiskorch","|move|p1a: Centiskorch|Coil|p1a: Centiskorch|[from]Sleep Talk","|-boost|p1a: Centiskorch|atk|1","|-boost|p1a: Centiskorch|def|1","|-boost|p1a: Centiskorch|accuracy|1","|","|upkeep","|turn|27","|","|-curestatus|p1a: Centiskorch|slp|[msg]","|move|p1a: Centiskorch|Coil|p1a: Centiskorch","|-boost|p1a: Centiskorch|atk|1","|-boost|p1a: Centiskorch|def|1","|-boost|p1a: Centiskorch|accuracy|1","|move|p2a: Sylveon|Wish|p2a: Sylveon","|","|upkeep","|turn|28","|","|switch|p2a: Toxapex|Toxapex, F|304\/304","|move|p1a: Centiskorch|Fire Lash|p2a: Toxapex","|-resisted|p2a: Toxapex","|-damage|p2a: Toxapex|247\/304","|-unboost|p2a: Toxapex|def|1","|","|-heal|p2a: Toxapex|304\/304|[from] move: Wish|[wisher] Sylveon","|upkeep","|turn|29","|","|move|p1a: Centiskorch|Coil|p1a: Centiskorch","|-boost|p1a: Centiskorch|atk|1","|-boost|p1a: Centiskorch|def|1","|-boost|p1a: Centiskorch|accuracy|1","|move|p2a: Toxapex|Scald|p1a: Centiskorch","|-supereffective|p1a: Centiskorch","|-damage|p1a: Centiskorch|305\/403","|","|upkeep","|turn|30","|","|move|p1a: Centiskorch|Coil|p1a: Centiskorch","|-boost|p1a: Centiskorch|atk|1","|-boost|p1a: Centiskorch|def|1","|-boost|p1a: Centiskorch|accuracy|1","|move|p2a: Toxapex|Scald|p1a: Centiskorch","|-supereffective|p1a: Centiskorch","|-damage|p1a: Centiskorch|201\/403","|","|upkeep","|turn|31","|","|move|p1a: Centiskorch|Fire Lash|p2a: Toxapex","|-resisted|p2a: Toxapex","|-damage|p2a: Toxapex|170\/304","|-unboost|p2a: Toxapex|def|1","|move|p2a: Toxapex|Scald|p1a: Centiskorch","|-supereffective|p1a: Centiskorch","|-damage|p1a: Centiskorch|109\/403","|","|-heal|p2a: Toxapex|189\/304|[from] item: Black Sludge","|upkeep","|turn|32","|","|move|p1a: Centiskorch|Fire Lash|p2a: Toxapex","|-resisted|p2a: Toxapex","|-damage|p2a: Toxapex|12\/304","|-unboost|p2a: Toxapex|def|1","|move|p2a: Toxapex|Scald|p1a: Centiskorch","|-supereffective|p1a: Centiskorch","|-damage|p1a: Centiskorch|13\/403","|","|-heal|p2a: Toxapex|31\/304|[from] item: Black Sludge","|upkeep","|turn|33","|","|switch|p2a: Hydreigon|Hydreigon, F|112\/325","|move|p1a: Centiskorch|Rest|p1a: Centiskorch","|-status|p1a: Centiskorch|slp|[from] move: Rest","|-heal|p1a: Centiskorch|403\/403 slp|[silent]","|","|upkeep","|turn|34","|","|move|p2a: Hydreigon|Nasty Plot|p2a: Hydreigon","|-boost|p2a: Hydreigon|spa|2","|cant|p1a: Centiskorch|slp","|move|p1a: Centiskorch|Sleep Talk|p1a: Centiskorch","|move|p1a: Centiskorch|Rest|p1a: Centiskorch|[from]Sleep Talk","|-fail|p1a: Centiskorch|heal","|","|upkeep","|turn|35","|","|move|p2a: Hydreigon|Draco Meteor|p1a: Centiskorch","|-damage|p1a: Centiskorch|0 fnt","|-unboost|p2a: Hydreigon|spa|2","|-damage|p2a: Hydreigon|80\/325|[from] item: Life Orb","|faint|p1a: Centiskorch","|","|upkeep","|-message|27403 forfeited.","|","|win|121649","|l|\u260627403","|raw|27403's rating: 1753 &rarr; <strong>1738<\/strong><br \/>(-15 for losing)","|raw|121649's rating: 1850 &rarr; <strong>1864<\/strong><br \/>(+14 for winning)",""],"p1":"27403","p1rating":1752,"p1team":[{"ability":"flashfire","evs":{"atk":0,"def":0,"hp":248,"spa":0,"spd":184,"spe":76},"item":"heavydutyboots","ivs":{"atk":31,"def":31,"hp":31,"spa":31,"spd":31,"spe":31},"level":100,"moves":["rest","sleeptalk","firelash","coil"],"name":"Centiskorch","nature":"Careful","species":"Centiskorch"},{"ability":"waterabsorb","evs":{"atk":0,"def":252,"hp":252,"spa":4,"spd":0,"spe":0},"item":"leftovers","ivs":{"atk":0,"def":31,"hp":31,"spa":31,"spd":31,"spe":31},"level":100,"moves":["stealthrock","scald","earthpower","toxic"],"name":"Seismitoad","nature":"Bold","species":"Seismitoad"},{"ability":"infiltrator","evs":{"atk":0,"def":0,"hp":0,"spa":252,"spd":4,"spe":252},"item":"choicescarf","ivs":{"atk":0,"def":31,"hp":31,"spa":31,"spd":31,"spe":31},"level":100,"moves":["shadowball","dracometeor","fireblast","thunderbolt"],"name":"Dragapult","nature":"Modest","species":"Dragapult"},{"ability":"soundproof","evs":{"atk":252,"def":0,"hp":4,"spa":0,"spd":0,"spe":252},"item":"salacberry","ivs":{"atk":31,"def":31,"hp":31,"spa":31,"spd":31,"spe":31},"level":100,"moves":["substitute","bellydrum","drainpunch","earthquake"],"name":"Kommo-o","nature":"Jolly","species":"Kommo-o"},{"ability":"overcoat","evs":{"atk":0,"def":48,"hp":252,"spa":0,"spd":208,"spe":0},"gender":"F","item":"heavydutyboots","ivs":{"atk":31,"def":31,"hp":31,"spa":31,"spd":31,"spe":31},"level":100,"moves":["foulplay","roost","defog","uturn"],"name":"Mandibuzz","nature":"Careful","species":"Mandibuzz"},{"ability":"punkrock","evs":{"atk":0,"def":0,"hp":0,"spa":252,"spd":4,"spe":252},"item":"lifeorb","ivs":{"atk":0,"def":31,"hp":31,"spa":31,"spd":31,"spe":31},"level":100,"moves":["shiftgear","overdrive","boomburst","sludgebomb"],"name":"Toxtricity","nature":"Modest","species":"Toxtricity"}],"p2":"121649","p2rating":1849,"p2team":[{"ability":"pixilate","evs":{"atk":0,"def":4,"hp":252,"spa":0,"spd":252,"spe":0},"item":"leftovers","ivs":{"atk":0,"def":31,"hp":31,"spa":31,"spd":31,"spe":31},"level":100,"moves":["hypervoice","wish","protect","calmmind"],"name":"Sylveon","nature":"Calm","species":"Sylveon"},{"ability":"stancechange","evs":{"atk":0,"def":0,"hp":0,"spa":252,"spd":4,"spe":252},"item":"leftovers","ivs":{"atk":0,"def":31,"hp":31,"spa":31,"spd":31,"spe":31},"level":100,"moves":["metalsound","shadowball","flashcannon","block"],"name":"Aegislash","nature":"Modest","species":"Aegislash"},{"ability":"levitate","evs":{"atk":0,"def":0,"hp":0,"spa":252,"spd":4,"spe":252},"item":"lifeorb","ivs":{"atk":0,"def":31,"hp":31,"spa":31,"spd":31,"spe":31},"level":100,"moves":["nastyplot","darkpulse","flashcannon","dracometeor"],"name":"Hydreigon","nature":"Modest","species":"Hydreigon"},{"ability":"regenerator","evs":{"atk":0,"def":252,"hp":252,"spa":0,"spd":4,"spe":0},"item":"blacksludge","ivs":{"atk":0,"def":31,"hp":31,"spa":31,"spd":31,"spe":31},"level":100,"moves":["scald","toxic","recover","toxicspikes"],"name":"Toxapex","nature":"Bold","species":"Toxapex"},{"ability":"sandstream","evs":{"atk":0,"def":4,"hp":252,"spa":0,"spd":252,"spe":0},"item":"leftovers","ivs":{"atk":31,"def":31,"hp":31,"spa":31,"spd":31,"spe":31},"level":100,"moves":["earthquake","stealthrock","slackoff","heavyslam"],"name":"Hippowdon","nature":"Careful","species":"Hippowdon"},{"ability":"pressure","evs":{"atk":0,"def":252,"hp":252,"spa":0,"spd":4,"spe":0},"item":"leftovers","ivs":{"atk":31,"def":31,"hp":31,"spa":31,"spd":31,"spe":31},"level":100,"moves":["bravebird","bodypress","defog","roost"],"name":"Corviknight","nature":"Impish","species":"Corviknight"}],"roomid":2893073,"score":[1,4],"seed":[5854,35368,62699,6301],"timestamp":"Thu Jan 09 2020 16:XX","turns":35,"winner":"121649","rated_battle":true,"average_rating":1800}