{"endType":"forfeit","format":"gen8ou","inputLog":[">version aa9f8c6b9cf4eca780a1296832ecd3b0009641e0",">version-origin 5e8529faaa5905c5f8e15eafaaefa806ee8c7d06",">start {\"formatid\":\"gen8ou\",\"seed\":[44231,34919,29022,31697],\"rated\":\"Rated battle\"}",">player p1 {\"\"name\":\"35169\",\"rating\":1222}",">player p2 {\"\"name\":\"123778\",\"rating\":1269}",">p1 team 4, 2, 3, 1, 5, 6",">p2 team 4, 2, 3, 1, 5, 6",">p1 move thunderbolt",">p2 move shellsmash",">p2 switch 3",">p1 move dragonpulse",">p2 move outrage"],"log":["|j|\u260635169","|j|\u2606123778","|player|p1|35169|benga|1222","|player|p2|123778|lucas|1269","|teamsize|p1|6","|teamsize|p2|6","|gametype|singles","|gen|8","|tier|[Gen 8] OU","|rated|","|rule|Sleep Clause Mod: Limit one foe put to sleep","|rule|Species Clause: Limit one of each Pok\u00e9mon","|rule|OHKO Clause: OHKO moves are banned","|rule|Evasion Moves Clause: Evasion moves are banned","|rule|Endless Battle Clause: Forcing endless battles is banned","|rule|HP Percentage Mod: HP is shown in percentages","|clearpoke","|poke|p1|Clefable, F|","|poke|p1|Conkeldurr, F|","|poke|p1|Cinderace, M|","|poke|p1|Dragapult, M|","|poke|p1|Ferrothorn, M|","|poke|p1|Seismitoad, M|","|poke|p2|Hawlucha, F|","|poke|p2|Hydreigon, M|","|poke|p2|Dracovish|","|poke|p2|Cloyster, M|","|poke|p2|Corsola-Galar, M|","|poke|p2|Corviknight, M|","|rule|Dynamax Clause: You cannot dynamax","|teampreview","|","|start","|switch|p1a: Dragapult|Dragapult, M|317\/317","|switch|p2a: Cloyster|Cloyster, M|241\/241","|turn|1","|","|move|p1a: Dragapult|Thunderbolt|p2a: Cloyster","|-supereffective|p2a: Cloyster","|-crit|p2a: Cloyster","|-damage|p2a: Cloyster|0 fnt","|-damage|p1a: Dragapult|286\/317|[from] item: Life Orb","|faint|p2a: Cloyster","|","|upkeep","|","|switch|p2a: Dracovish|Dracovish|321\/321","|turn|2","|","|move|p1a: Dragapult|Dragon Pulse|p2a: Dracovish","|-supereffective|p2a: Dracovish","|-damage|p2a: Dracovish|0 fnt","|-damage|p1a: Dragapult|255\/317|[from] item: Life Orb","|faint|p2a: Dracovish","|","|upkeep","|-message|123778 forfeited.","|","|win|35169","|l|\u2606123778","|raw|35169's rating: 1222 &rarr; <strong>1251<\/strong><br \/>(+29 for winning)","|raw|123778's rating: 1269 &rarr; <strong>1241<\/strong><br \/>(-28 for losing)",""],"p1":"35169","p1rating":1222,"p1team":[{"ability":"magicguard","evs":{"atk":0,"def":0,"hp":196,"spa":252,"spd":0,"spe":60},"happiness":160,"item":"lifeorb","ivs":{"atk":31,"def":31,"hp":31,"spa":31,"spd":31,"spe":31},"level":100,"moves":["moonblast","flamethrower","thunderbolt","moonlight"],"name":"Clefable","nature":"Modest","species":"Clefable"},{"ability":"guts","evs":{"atk":252,"def":0,"hp":252,"spa":0,"spd":4,"spe":0},"happiness":160,"item":"assaultvest","ivs":{"atk":31,"def":31,"hp":31,"spa":31,"spd":31,"spe":31},"level":100,"moves":["machpunch","drainpunch","facade","earthquake"],"name":"Conkeldurr","nature":"Adamant","species":"Conkeldurr"},{"ability":"blaze","evs":{"atk":252,"def":4,"hp":0,"spa":0,"spd":0,"spe":252},"happiness":160,"item":"heavydutyboots","ivs":{"atk":31,"def":31,"hp":31,"spa":31,"spd":31,"spe":31},"level":100,"moves":["uturn","pyroball","gunkshot","courtchange"],"name":"Cinderace","nature":"Jolly","species":"Cinderace"},{"ability":"infiltrator","evs":{"atk":0,"def":4,"hp":0,"spa":252,"spd":0,"spe":252},"happiness":160,"item":"lifeorb","ivs":{"atk":0,"def":31,"hp":31,"spa":31,"spd":31,"spe":31},"level":100,"moves":["shadowball","dragonpulse","fireblast","thunderbolt"],"name":"Dragapult","nature":"Modest","species":"Dragapult"},{"ability":"ironbarbs","evs":{"atk":4,"def":252,"hp":252,"spa":0,"spd":0,"spe":0},"happiness":160,"item":"leftovers","ivs":{"atk":31,"def":31,"hp":31,"spa":31,"spd":31,"spe":31},"level":100,"moves":["protect","toxic","leechseed","powerwhip"],"name":"Ferrothorn","nature":"Impish","species":"Ferrothorn"},{"ability":"waterabsorb","evs":{"atk":0,"def":4,"hp":252,"spa":0,"spd":252,"spe":0},"happiness":160,"item":"leftovers","ivs":{"atk":31,"def":31,"hp":31,"spa":31,"spd":31,"spe":31},"level":100,"moves":["stealthrock","drainpunch","scald","toxic"],"name":"Seismitoad","nature":"Relaxed","species":"Seismitoad"}],"p2":"123778","p2rating":1269,"p2team":[{"ability":"unburden","evs":{"atk":252,"def":4,"hp":0,"spa":0,"spd":0,"spe":252},"happiness":160,"item":"whiteherb","ivs":{"atk":31,"def":31,"hp":31,"spa":31,"spd":31,"spe":31},"level":100,"moves":["swordsdance","bravebird","closecombat","substitute"],"name":"Hawlucha","nature":"Adamant","species":"Hawlucha"},{"ability":"levitate","evs":{"atk":0,"def":4,"hp":0,"spa":252,"spd":0,"spe":252},"happiness":160,"item":"leftovers","ivs":{"atk":31,"def":31,"hp":31,"spa":31,"spd":31,"spe":31},"level":100,"moves":["nastyplot","substitute","darkpulse","flashcannon"],"name":"Hydreigon","nature":"Timid","species":"Hydreigon"},{"ability":"strongjaw","evs":{"atk":252,"def":4,"hp":0,"spa":0,"spd":0,"spe":252},"gender":"N","happiness":160,"item":"choicescarf","ivs":{"atk":31,"def":31,"hp":31,"spa":31,"spd":31,"spe":31},"level":100,"moves":["fishiousrend","outrage","icefang","psychicfangs"],"name":"Dracovish","nature":"Adamant","species":"Dracovish"},{"ability":"skilllink","evs":{"atk":252,"def":0,"hp":0,"spa":0,"spd":4,"spe":252},"happiness":160,"item":"kingsrock","ivs":{"atk":31,"def":31,"hp":31,"spa":31,"spd":31,"spe":31},"level":100,"moves":["shellsmash","iciclespear","iceshard","rockblast"],"name":"Cloyster","nature":"Adamant","species":"Cloyster"},{"ability":"cursedbody","evs":{"atk":0,"def":252,"hp":252,"spa":4,"spd":0,"spe":0},"happiness":160,"item":"eviolite","ivs":{"atk":0,"def":31,"hp":31,"spa":31,"spd":31,"spe":31},"level":100,"moves":["stealthrock","willowisp","nightshade","strengthsap"],"name":"Corsola","nature":"Bold","species":"corsolagalar"},{"ability":"mirrorarmor","evs":{"atk":0,"def":4,"hp":252,"spa":0,"spd":252,"spe":0},"happiness":160,"item":"leftovers","ivs":{"atk":31,"def":31,"hp":31,"spa":31,"spd":31,"spe":31},"level":100,"moves":["bulkup","bravebird","defog","roost"],"name":"Corviknight","nature":"Careful","species":"Corviknight"}],"roomid":1020442,"score":[6,4],"seed":[44231,34919,29022,31697],"timestamp":"Sat Dec 28 2019 11:XX","turns":2,"winner":"35169","rated_battle":true,"average_rating":1245}