{"endType":"forfeit","format":"gen8ou","inputLog":[">version aa9f8c6b9cf4eca780a1296832ecd3b0009641e0",">version-origin 5e8529faaa5905c5f8e15eafaaefa806ee8c7d06",">start {\"formatid\":\"gen8ou\",\"seed\":[323,37783,3821,23021],\"rated\":\"Rated battle\"}",">player p1 {\"\"name\":\"26407\",\"rating\":1213}",">player p2 {\"\"name\":\"69302\",\"rating\":1207}",">p1 team 6, 2, 3, 4, 5, 1",">p2 team 5, 2, 3, 4, 1, 6",">p1 move firstimpression",">p2 switch 6",">p1 move rocktomb",">p2 move knockoff",">p1 move rocktomb",">p2 move roost",">p1 move rocktomb",">p2 move toxic",">p1 move rocktomb",">p2 move roost",">p1 switch 3",">p1 move thunderbolt",">p2 switch 5",">p1 move flashcannon",">p2 switch 3",">p1 switch 5",">p2 move yawn",">p1 switch 4",">p2 switch 3",">p1 switch 5",">p2 move strangesteam",">p1 move flashcannon",">p2 switch 3",">p1 switch 5",">p2 move icywind",">p1 move leechseed",">p2 switch 5",">p1 switch 5",">p2 switch 6",">p1 move dracometeor",">p2 switch 4",">p1 move thunderbolt",">p2 move dragondance",">p1 move thunderbolt",">p2 move earthquake",">p1 switch 3",">p1 move firstimpression",">p2 move powerwhip",">p2 switch 4",">p1 switch 4",">p2 move freezedry",">p1 move bodypress",">p2 switch 5",">p1 move taunt",">p2 move yawn",">p1 move bodypress",">p2 move scald",">p1 move roost",">p2 move icywind",">p1 move taunt",">p2 move scald",">p1 move roost",">p2 switch 3",">p1 move taunt",">p2 move substitute",">p1 move bravebird",">p2 move strangesteam",">p1 move roost",">p2 move thunderbolt",">p1 move taunt",">p2 move thunderbolt",">p1 move roost",">p2 move fireblast",">p1 switch 2",">p1 move earthpower",">p2 move strangesteam",">p1 switch 6",">p1 move shadowsneak",">p2 move strangesteam",">p2 switch 6",">p1 move willowisp",">p2 move knockoff",">p1 move playrough",">p2 move toxic",">p1 move facade",">p2 move roost",">p1 move playrough",">p2 move roost",">p1 move playrough",">p2 move roost",">p1 switch 5",">p1 move leechseed",">p2 move taunt"],"log":["|j|\u260626407","|j|\u260669302","|player|p1|26407|burglar|1213","|player|p2|69302|clair|1207","|teamsize|p1|6","|teamsize|p2|6","|gametype|singles","|gen|8","|tier|[Gen 8] OU","|rated|","|rule|Sleep Clause Mod: Limit one foe put to sleep","|rule|Species Clause: Limit one of each Pok\u00e9mon","|rule|OHKO Clause: OHKO moves are banned","|rule|Evasion Moves Clause: Evasion moves are banned","|rule|Endless Battle Clause: Forcing endless battles is banned","|rule|HP Percentage Mod: HP is shown in percentages","|clearpoke","|poke|p1|Mimikyu, M|","|poke|p1|Hydreigon, M|","|poke|p1|Duraludon, F|","|poke|p1|Appletun, F|","|poke|p1|Corviknight, F|","|poke|p1|Golisopod, F|","|poke|p2|Weezing-Galar, F|","|poke|p2|Cinderace, F|","|poke|p2|Gastrodon, F|","|poke|p2|Gyarados, M|","|poke|p2|Mr. Rime, M|","|poke|p2|Mandibuzz, F|","|rule|Dynamax Clause: You cannot dynamax","|teampreview","|","|start","|switch|p1a: Golisopod|Golisopod, F|292\/292","|switch|p2a: Mr. Rime|Mr. Rime, M|301\/301","|turn|1","|","|switch|p2a: Mandibuzz|Mandibuzz, F|424\/424","|move|p1a: Golisopod|First Impression|p2a: Mandibuzz","|-damage|p2a: Mandibuzz|312\/424","|-damage|p1a: Golisopod|244\/292|[from] item: Rocky Helmet|[of] p2a: Mandibuzz","|","|upkeep","|turn|2","|","|move|p2a: Mandibuzz|Knock Off|p1a: Golisopod","|-damage|p1a: Golisopod|184\/292","|-enditem|p1a: Golisopod|Eject Button|[from] move: Knock Off|[of] p2a: Mandibuzz","|move|p1a: Golisopod|Rock Tomb|p2a: Mandibuzz","|-supereffective|p2a: Mandibuzz","|-damage|p2a: Mandibuzz|210\/424","|-unboost|p2a: Mandibuzz|spe|1","|","|upkeep","|turn|3","|","|move|p2a: Mandibuzz|Roost|p2a: Mandibuzz","|-heal|p2a: Mandibuzz|422\/424","|-singleturn|p2a: Mandibuzz|move: Roost","|move|p1a: Golisopod|Rock Tomb|p2a: Mandibuzz","|-damage|p2a: Mandibuzz|373\/424","|-unboost|p2a: Mandibuzz|spe|1","|","|upkeep","|turn|4","|","|move|p1a: Golisopod|Rock Tomb|p2a: Mandibuzz","|-supereffective|p2a: Mandibuzz","|-damage|p2a: Mandibuzz|277\/424","|-unboost|p2a: Mandibuzz|spe|1","|move|p2a: Mandibuzz|Toxic|p1a: Golisopod","|-status|p1a: Golisopod|tox","|","|-damage|p1a: Golisopod|166\/292 tox|[from] psn","|upkeep","|turn|5","|","|move|p1a: Golisopod|Rock Tomb|p2a: Mandibuzz","|-supereffective|p2a: Mandibuzz","|-damage|p2a: Mandibuzz|179\/424","|-unboost|p2a: Mandibuzz|spe|1","|move|p2a: Mandibuzz|Roost|p2a: Mandibuzz","|-heal|p2a: Mandibuzz|391\/424","|-singleturn|p2a: Mandibuzz|move: Roost","|","|-damage|p1a: Golisopod|130\/292 tox|[from] psn","|-activate|p1a: Golisopod|ability: Emergency Exit","|upkeep","|","|switch|p1a: Duraludon|Duraludon, F|281\/281","|turn|6","|","|switch|p2a: Weezing|Weezing-Galar, F|333\/333","|-ability|p2a: Weezing|Neutralizing Gas","|move|p1a: Duraludon|Thunderbolt|p2a: Weezing","|-damage|p2a: Weezing|208\/333","|","|-heal|p2a: Weezing|228\/333|[from] item: Black Sludge","|upkeep","|turn|7","|","|switch|p2a: Gastrodon|Gastrodon, F|426\/426","|move|p1a: Duraludon|Flash Cannon|p2a: Gastrodon","|-resisted|p2a: Gastrodon","|-damage|p2a: Gastrodon|377\/426","|-unboost|p2a: Gastrodon|spd|1","|","|-heal|p2a: Gastrodon|403\/426|[from] item: Leftovers","|upkeep","|turn|8","|","|switch|p1a: Corviknight|Corviknight, F|398\/398","|move|p2a: Gastrodon|Yawn|p1a: Corviknight","|-start|p1a: Corviknight|move: Yawn|[of] p2a: Gastrodon","|","|-heal|p2a: Gastrodon|426\/426|[from] item: Leftovers","|upkeep","|turn|9","|","|switch|p1a: Appletun|Appletun, F|362\/362","|switch|p2a: Weezing|Weezing-Galar, F|228\/333","|-ability|p2a: Weezing|Neutralizing Gas","|","|-heal|p2a: Weezing|248\/333|[from] item: Black Sludge","|upkeep","|turn|10","|","|switch|p1a: Duraludon|Duraludon, F|281\/281","|move|p2a: Weezing|Strange Steam|p1a: Duraludon","|-damage|p1a: Duraludon|187\/281","|","|-heal|p2a: Weezing|268\/333|[from] item: Black Sludge","|upkeep","|turn|11","|","|switch|p2a: Gastrodon|Gastrodon, F|426\/426","|move|p1a: Duraludon|Flash Cannon|p2a: Gastrodon","|-resisted|p2a: Gastrodon","|-damage|p2a: Gastrodon|379\/426","|","|-heal|p2a: Gastrodon|405\/426|[from] item: Leftovers","|upkeep","|turn|12","|","|switch|p1a: Appletun|Appletun, F|362\/362","|move|p2a: Gastrodon|Icy Wind|p1a: Appletun","|-supereffective|p1a: Appletun","|-damage|p1a: Appletun|214\/362","|-unboost|p1a: Appletun|spe|1","|","|-heal|p2a: Gastrodon|426\/426|[from] item: Leftovers","|upkeep","|turn|13","|","|switch|p2a: Mandibuzz|Mandibuzz, F|391\/424","|move|p1a: Appletun|Leech Seed|p2a: Mandibuzz","|-start|p2a: Mandibuzz|move: Leech Seed","|","|-damage|p2a: Mandibuzz|338\/424|[from] Leech Seed|[of] p1a: Appletun","|-heal|p1a: Appletun|267\/362|[silent]","|upkeep","|turn|14","|","|switch|p2a: Mr. Rime|Mr. Rime, M|301\/301","|switch|p1a: Duraludon|Duraludon, F|187\/281","|","|upkeep","|turn|15","|","|switch|p2a: Gyarados|Gyarados, M|331\/331","|move|p1a: Duraludon|Draco Meteor|p2a: Gyarados","|-damage|p2a: Gyarados|163\/331","|-unboost|p1a: Duraludon|spa|2","|","|upkeep","|turn|16","|","|move|p2a: Gyarados|Dragon Dance|p2a: Gyarados","|-boost|p2a: Gyarados|atk|1","|-boost|p2a: Gyarados|spe|1","|move|p1a: Duraludon|Thunderbolt|p2a: Gyarados","|-supereffective|p2a: Gyarados","|-enditem|p2a: Gyarados|Wacan Berry|[eat]","|-enditem|p2a: Gyarados|Wacan Berry|[weaken]","|-damage|p2a: Gyarados|81\/331","|","|upkeep","|turn|17","|","|move|p2a: Gyarados|Earthquake|p1a: Duraludon","|-supereffective|p1a: Duraludon","|-damage|p1a: Duraludon|0 fnt","|faint|p1a: Duraludon","|-ability|p2a: Gyarados|Moxie|boost","|-boost|p2a: Gyarados|atk|1","|","|upkeep","|","|switch|p1a: Golisopod|Golisopod, F|130\/292 tox","|turn|18","|","|move|p1a: Golisopod|First Impression|p2a: Gyarados","|-resisted|p2a: Gyarados","|-crit|p2a: Gyarados","|-damage|p2a: Gyarados|0 fnt","|faint|p2a: Gyarados","|","|-damage|p1a: Golisopod|112\/292 tox|[from] psn","|upkeep","|","|switch|p2a: Mr. Rime|Mr. Rime, M|301\/301","|turn|19","|","|switch|p1a: Corviknight|Corviknight, F|398\/398","|move|p2a: Mr. Rime|Freeze-Dry|p1a: Corviknight","|-damage|p1a: Corviknight|271\/398","|","|upkeep","|turn|20","|","|switch|p2a: Gastrodon|Gastrodon, F|426\/426","|move|p1a: Corviknight|Body Press|p2a: Gastrodon","|-damage|p2a: Gastrodon|318\/426","|","|-heal|p2a: Gastrodon|344\/426|[from] item: Leftovers","|upkeep","|turn|21","|","|move|p1a: Corviknight|Taunt|p2a: Gastrodon","|-start|p2a: Gastrodon|move: Taunt","|cant|p2a: Gastrodon|move: Taunt|Yawn","|","|-heal|p2a: Gastrodon|370\/426|[from] item: Leftovers","|upkeep","|turn|22","|","|move|p1a: Corviknight|Body Press|p2a: Gastrodon","|-damage|p2a: Gastrodon|260\/426","|move|p2a: Gastrodon|Scald|p1a: Corviknight","|-damage|p1a: Corviknight|162\/398","|-status|p1a: Corviknight|brn","|","|-heal|p2a: Gastrodon|286\/426|[from] item: Leftovers","|-damage|p1a: Corviknight|138\/398 brn|[from] brn","|upkeep","|turn|23","|","|move|p1a: Corviknight|Roost|p1a: Corviknight","|-heal|p1a: Corviknight|337\/398 brn","|-singleturn|p1a: Corviknight|move: Roost","|move|p2a: Gastrodon|Icy Wind|p1a: Corviknight","|-resisted|p1a: Corviknight","|-crit|p1a: Corviknight","|-damage|p1a: Corviknight|301\/398 brn","|-ability|p1a: Corviknight|Mirror Armor","|-unboost|p2a: Gastrodon|spe|1","|","|-heal|p2a: Gastrodon|312\/426|[from] item: Leftovers","|-damage|p1a: Corviknight|277\/398 brn|[from] brn","|-end|p2a: Gastrodon|move: Taunt","|upkeep","|turn|24","|","|move|p1a: Corviknight|Taunt|p2a: Gastrodon","|-start|p2a: Gastrodon|move: Taunt","|move|p2a: Gastrodon|Scald|p1a: Corviknight","|-damage|p1a: Corviknight|172\/398 brn","|","|-heal|p2a: Gastrodon|338\/426|[from] item: Leftovers","|-damage|p1a: Corviknight|148\/398 brn|[from] brn","|upkeep","|turn|25","|","|switch|p2a: Weezing|Weezing-Galar, F|268\/333","|-ability|p2a: Weezing|Neutralizing Gas","|move|p1a: Corviknight|Roost|p1a: Corviknight","|-heal|p1a: Corviknight|347\/398 brn","|-singleturn|p1a: Corviknight|move: Roost","|","|-heal|p2a: Weezing|288\/333|[from] item: Black Sludge","|-damage|p1a: Corviknight|323\/398 brn|[from] brn","|upkeep","|turn|26","|","|move|p1a: Corviknight|Taunt|p2a: Weezing","|-start|p2a: Weezing|move: Taunt","|cant|p2a: Weezing|move: Taunt|Substitute","|","|-heal|p2a: Weezing|308\/333|[from] item: Black Sludge","|-damage|p1a: Corviknight|299\/398 brn|[from] brn","|upkeep","|turn|27","|","|move|p1a: Corviknight|Brave Bird|p2a: Weezing","|-damage|p2a: Weezing|254\/333","|-damage|p1a: Corviknight|281\/398 brn|[from] Recoil","|move|p2a: Weezing|Strange Steam|p1a: Corviknight","|-resisted|p1a: Corviknight","|-damage|p1a: Corviknight|200\/398 brn","|-start|p1a: Corviknight|confusion","|","|-heal|p2a: Weezing|274\/333|[from] item: Black Sludge","|-damage|p1a: Corviknight|176\/398 brn|[from] brn","|upkeep","|turn|28","|","|-activate|p1a: Corviknight|confusion","|move|p1a: Corviknight|Roost|p1a: Corviknight","|-heal|p1a: Corviknight|375\/398 brn","|-singleturn|p1a: Corviknight|move: Roost","|move|p2a: Weezing|Thunderbolt|p1a: Corviknight","|-damage|p1a: Corviknight|281\/398 brn","|","|-heal|p2a: Weezing|294\/333|[from] item: Black Sludge","|-damage|p1a: Corviknight|257\/398 brn|[from] brn","|-end|p2a: Weezing|move: Taunt","|upkeep","|turn|29","|","|-activate|p1a: Corviknight|confusion","|move|p1a: Corviknight|Taunt|p2a: Weezing","|-start|p2a: Weezing|move: Taunt","|move|p2a: Weezing|Thunderbolt|p1a: Corviknight","|-supereffective|p1a: Corviknight","|-damage|p1a: Corviknight|67\/398 brn","|","|-heal|p2a: Weezing|314\/333|[from] item: Black Sludge","|-damage|p1a: Corviknight|43\/398 brn|[from] brn","|upkeep","|turn|30","|","|-activate|p1a: Corviknight|confusion","|-damage|p1a: Corviknight|32\/398 brn|[from] confusion","|move|p2a: Weezing|Fire Blast|p1a: Corviknight","|-supereffective|p1a: Corviknight","|-damage|p1a: Corviknight|0 fnt","|faint|p1a: Corviknight","|","|-heal|p2a: Weezing|333\/333|[from] item: Black Sludge","|upkeep","|","|switch|p1a: Hydreigon|Hydreigon, M|326\/326","|turn|31","|","|move|p1a: Hydreigon|Earth Power|p2a: Weezing","|-supereffective|p2a: Weezing","|-damage|p2a: Weezing|1\/333","|move|p2a: Weezing|Strange Steam|p1a: Hydreigon","|-supereffective|p1a: Hydreigon","|-damage|p1a: Hydreigon|0 fnt","|faint|p1a: Hydreigon","|","|-heal|p2a: Weezing|21\/333|[from] item: Black Sludge","|-end|p2a: Weezing|move: Taunt","|upkeep","|","|switch|p1a: Mimikyu|Mimikyu, M|252\/252","|turn|32","|","|move|p1a: Mimikyu|Shadow Sneak|p2a: Weezing","|-damage|p2a: Weezing|0 fnt","|-damage|p1a: Mimikyu|227\/252|[from] item: Life Orb","|faint|p2a: Weezing","|","|upkeep","|","|switch|p2a: Mandibuzz|Mandibuzz, F|338\/424","|turn|33","|","|move|p1a: Mimikyu|Will-O-Wisp|p2a: Mandibuzz","|-status|p2a: Mandibuzz|brn","|move|p2a: Mandibuzz|Knock Off|p1a: Mimikyu","|-activate|p1a: Mimikyu|ability: Disguise","|-damage|p1a: Mimikyu|227\/252","|-enditem|p1a: Mimikyu|Life Orb|[from] move: Knock Off|[of] p2a: Mandibuzz","|detailschange|p1a: Mimikyu|Mimikyu-Busted, M","|-damage|p1a: Mimikyu|196\/252|[from] ability: Disguise|[of] p1a: Mimikyu","|","|-damage|p2a: Mandibuzz|312\/424 brn|[from] brn","|upkeep","|turn|34","|","|move|p1a: Mimikyu|Play Rough|p2a: Mandibuzz","|-supereffective|p2a: Mandibuzz","|-damage|p2a: Mandibuzz|148\/424 brn","|-damage|p1a: Mimikyu|154\/252|[from] item: Rocky Helmet|[of] p2a: Mandibuzz","|move|p2a: Mandibuzz|Toxic|p1a: Mimikyu","|-status|p1a: Mimikyu|tox","|","|-damage|p1a: Mimikyu|139\/252 tox|[from] psn","|-damage|p2a: Mandibuzz|122\/424 brn|[from] brn","|upkeep","|turn|35","|","|move|p1a: Mimikyu|Facade|p2a: Mandibuzz","|-damage|p2a: Mandibuzz|37\/424 brn","|-damage|p1a: Mimikyu|97\/252 tox|[from] item: Rocky Helmet|[of] p2a: Mandibuzz","|move|p2a: Mandibuzz|Roost|p2a: Mandibuzz","|-heal|p2a: Mandibuzz|249\/424 brn","|-singleturn|p2a: Mandibuzz|move: Roost","|","|-damage|p1a: Mimikyu|67\/252 tox|[from] psn","|-damage|p2a: Mandibuzz|223\/424 brn|[from] brn","|upkeep","|turn|36","|","|move|p1a: Mimikyu|Play Rough|p2a: Mandibuzz|[miss]","|-miss|p1a: Mimikyu|p2a: Mandibuzz","|move|p2a: Mandibuzz|Roost|p2a: Mandibuzz","|-heal|p2a: Mandibuzz|424\/424 brn","|-singleturn|p2a: Mandibuzz|move: Roost","|","|-damage|p1a: Mimikyu|22\/252 tox|[from] psn","|-damage|p2a: Mandibuzz|398\/424 brn|[from] brn","|upkeep","|turn|37","|","|move|p1a: Mimikyu|Play Rough|p2a: Mandibuzz","|-supereffective|p2a: Mandibuzz","|-damage|p2a: Mandibuzz|236\/424 brn","|-damage|p1a: Mimikyu|0 fnt|[from] item: Rocky Helmet|[of] p2a: Mandibuzz","|faint|p1a: Mimikyu","|move|p2a: Mandibuzz|Roost|p2a: Mandibuzz","|-heal|p2a: Mandibuzz|424\/424 brn","|-singleturn|p2a: Mandibuzz|move: Roost","|","|-damage|p2a: Mandibuzz|398\/424 brn|[from] brn","|upkeep","|","|switch|p1a: Appletun|Appletun, F|267\/362","|turn|38","|","|move|p2a: Mandibuzz|Taunt|p1a: Appletun","|-start|p1a: Appletun|move: Taunt","|cant|p1a: Appletun|move: Taunt|Leech Seed","|","|-damage|p2a: Mandibuzz|372\/424 brn|[from] brn","|upkeep","|turn|39","|-message|26407 forfeited.","|","|win|69302","|l|\u260626407","|raw|26407's rating: 1213 &rarr; <strong>1188<\/strong><br \/>(-25 for losing)","|raw|69302's rating: 1207 &rarr; <strong>1233<\/strong><br \/>(+26 for winning)",""],"p1":"26407","p1rating":1213,"p1team":[{"ability":"disguise","evs":{"atk":252,"def":0,"hp":4,"spa":0,"spd":0,"spe":252},"happiness":160,"item":"lifeorb","ivs":{"atk":31,"def":31,"hp":31,"spa":31,"spd":31,"spe":31},"level":100,"moves":["playrough","shadowsneak","facade","willowisp"],"name":"Mimikyu","nature":"Jolly","species":"Mimikyu"},{"ability":"levitate","evs":{"atk":0,"def":0,"hp":4,"spa":252,"spd":0,"spe":252},"happiness":160,"item":"choicescarf","ivs":{"atk":0,"def":31,"hp":31,"spa":31,"spd":31,"spe":31},"level":100,"moves":["darkpulse","dracometeor","earthpower","flamethrower"],"name":"Hydreigon","nature":"Modest","species":"Hydreigon"},{"ability":"lightmetal","evs":{"atk":0,"def":208,"hp":0,"spa":48,"spd":252,"spe":0},"happiness":160,"item":"assaultvest","ivs":{"atk":0,"def":31,"hp":31,"spa":31,"spd":31,"spe":31},"level":100,"moves":["darkpulse","dracometeor","flashcannon","thunderbolt"],"name":"Duraludon","nature":"Calm","species":"Duraludon"},{"ability":"ripen","evs":{"atk":0,"def":252,"hp":4,"spa":0,"spd":252,"spe":0},"happiness":160,"item":"sitrusberry","ivs":{"atk":0,"def":31,"hp":31,"spa":31,"spd":31,"spe":31},"level":100,"moves":["dragonpulse","leechseed","recycle","appleacid"],"name":"Appletun","nature":"Modest","species":"Appletun"},{"ability":"mirrorarmor","evs":{"atk":8,"def":252,"hp":244,"spa":0,"spd":0,"spe":4},"happiness":160,"item":"rockyhelmet","ivs":{"atk":31,"def":31,"hp":31,"spa":31,"spd":31,"spe":31},"level":100,"moves":["bodypress","bravebird","roost","taunt"],"name":"Corviknight","nature":"Impish","species":"Corviknight"},{"ability":"emergencyexit","evs":{"atk":252,"def":0,"hp":4,"spa":0,"spd":252,"spe":0},"happiness":160,"item":"ejectbutton","ivs":{"atk":31,"def":31,"hp":31,"spa":31,"spd":31,"spe":15},"level":100,"moves":["aquajet","firstimpression","poisonjab","rocktomb"],"name":"Golisopod","nature":"Careful","species":"Golisopod"}],"p2":"69302","p2rating":1207,"p2team":[{"ability":"neutralizinggas","evs":{"atk":0,"def":8,"hp":248,"spa":252,"spd":0,"spe":0},"gender":"F","happiness":160,"item":"blacksludge","ivs":{"atk":0,"def":31,"hp":31,"spa":31,"spd":31,"spe":31},"level":100,"moves":["substitute","strangesteam","fireblast","thunderbolt"],"name":"Weezing","nature":"Modest","species":"weezinggalar"},{"ability":"blaze","evs":{"atk":252,"def":0,"hp":0,"spa":0,"spd":4,"spe":252},"gender":"F","happiness":160,"item":"heavydutyboots","ivs":{"atk":31,"def":31,"hp":31,"spa":31,"spd":31,"spe":31},"level":100,"moves":["courtchange","uturn","pyroball","suckerpunch"],"name":"Cinderace","nature":"Jolly","species":"Cinderace"},{"ability":"stormdrain","evs":{"atk":0,"def":4,"hp":252,"spa":0,"spd":252,"spe":0},"gender":"F","happiness":160,"item":"leftovers","ivs":{"atk":0,"def":31,"hp":31,"spa":31,"spd":31,"spe":31},"level":100,"moves":["recover","yawn","scald","icywind"],"name":"Gastrodon","nature":"Bold","species":"Gastrodon"},{"ability":"moxie","evs":{"atk":252,"def":0,"hp":0,"spa":0,"spd":20,"spe":236},"gender":"M","happiness":160,"item":"wacanberry","ivs":{"atk":31,"def":31,"hp":31,"spa":31,"spd":31,"spe":31},"level":100,"moves":["earthquake","dragondance","powerwhip","waterfall"],"name":"Gyarados","nature":"Jolly","species":"Gyarados"},{"ability":"screencleaner","evs":{"atk":0,"def":0,"hp":0,"spa":252,"spd":4,"spe":252},"gender":"M","happiness":160,"item":"choicescarf","ivs":{"atk":0,"def":31,"hp":31,"spa":31,"spd":31,"spe":31},"level":100,"moves":["freezedry","trick","rapidspin","psychic"],"name":"Mr. Rime","nature":"Timid","species":"Mr. Rime"},{"ability":"overcoat","evs":{"atk":0,"def":252,"hp":252,"spa":0,"spd":4,"spe":0},"gender":"F","happiness":160,"item":"rockyhelmet","ivs":{"atk":31,"def":31,"hp":31,"spa":31,"spd":31,"spe":31},"level":100,"moves":["knockoff","roost","taunt","toxic"],"name":"Mandibuzz","nature":"Impish","species":"Mandibuzz"}],"roomid":1022211,"score":[2,4],"seed":[323,37783,3821,23021],"timestamp":"Sat Dec 28 2019 07:XX","turns":39,"winner":"69302","rated_battle":true,"average_rating":1210}