{"endType":"forfeit","format":"gen8ou","inputLog":[">version aa9f8c6b9cf4eca780a1296832ecd3b0009641e0",">version-origin 5e8529faaa5905c5f8e15eafaaefa806ee8c7d06",">start {\"formatid\":\"gen8ou\",\"seed\":[21583,18595,27844,30059],\"rated\":\"Rated battle\"}",">player p1 {\"\"name\":\"27042\",\"rating\":1257}",">player p2 {\"\"name\":\"27098\",\"rating\":1208}",">p1 team 6, 2, 3, 4, 5, 1",">p2 team 3, 2, 1, 4, 5, 6",">p1 switch 3",">p2 move suckerpunch",">p1 move uturn",">p2 switch 6",">p1 switch 6",">p1 move knockoff",">p2 move stealthrock"],"ladderError":true,"log":["|j|\u260627042","|j|\u260627098","|player|p1|27042|unknown|1257","|player|p2|27098|hilda|1208","|teamsize|p1|6","|teamsize|p2|6","|gametype|singles","|gen|8","|tier|[Gen 8] OU","|rated|","|rule|Sleep Clause Mod: Limit one foe put to sleep","|rule|Species Clause: Limit one of each Pok\u00e9mon","|rule|OHKO Clause: OHKO moves are banned","|rule|Evasion Moves Clause: Evasion moves are banned","|rule|Endless Battle Clause: Forcing endless battles is banned","|rule|HP Percentage Mod: HP is shown in percentages","|clearpoke","|poke|p1|Crawdaunt, M|","|poke|p1|Dugtrio, M|","|poke|p1|Corviknight, F|","|poke|p1|Toxapex, M|","|poke|p1|Clefable, F|","|poke|p1|Dragapult, M|","|poke|p2|Toxtricity, F|","|poke|p2|Hatterene, F|","|poke|p2|Dragapult, M|","|poke|p2|Cinderace, M|","|poke|p2|Roserade, M|","|poke|p2|Seismitoad, F|","|rule|Dynamax Clause: You cannot dynamax","|teampreview","|","|start","|switch|p1a: Dragapult|Dragapult, M|317\/317","|switch|p2a: Dragapult|Dragapult, M|317\/317","|turn|1","|","|switch|p1a: Corviknight|Corviknight, F|400\/400","|-ability|p1a: Corviknight|Pressure","|move|p2a: Dragapult|Sucker Punch||[still]","|-fail|p2a: Dragapult","|","|upkeep","|turn|2","|","|switch|p2a: Seismitoad|Seismitoad, F|414\/414","|move|p1a: Corviknight|U-turn|p2a: Seismitoad","|-damage|p2a: Seismitoad|367\/414","|","|switch|p1a: Crawdaunt|Crawdaunt, M|267\/267","|","|-heal|p2a: Seismitoad|392\/414|[from] item: Leftovers","|upkeep","|turn|3","|","|move|p1a: Crawdaunt|Knock Off|p2a: Seismitoad","|-crit|p2a: Seismitoad","|-damage|p2a: Seismitoad|0 fnt","|-enditem|p2a: Seismitoad|Leftovers|[from] move: Knock Off|[of] p1a: Crawdaunt","|faint|p2a: Seismitoad","|","|upkeep","|-message|27098 forfeited.","|","|win|27042","|l|\u260627098","|l|\u260627042","||Ladder (probably) updated, but score could not be retrieved (Response not received).",""],"p1":"27042","p1rating":1257,"p1team":[{"ability":"adaptability","evs":{"atk":252,"def":0,"hp":0,"spa":0,"spd":4,"spe":252},"happiness":160,"item":"choiceband","ivs":{"atk":31,"def":31,"hp":31,"spa":31,"spd":31,"spe":31},"level":100,"moves":["closecombat","aquajet","crabhammer","knockoff"],"name":"Crawdaunt","nature":"Adamant","species":"Crawdaunt"},{"ability":"arenatrap","evs":{"atk":252,"def":0,"hp":0,"spa":0,"spd":4,"spe":252},"happiness":160,"item":"focussash","ivs":{"atk":31,"def":31,"hp":31,"spa":31,"spd":31,"spe":31},"level":100,"moves":["earthquake","reversal","stealthrock","rockslide"],"name":"Dugtrio","nature":"Jolly","species":"Dugtrio"},{"ability":"pressure","evs":{"atk":0,"def":252,"hp":252,"spa":0,"spd":4,"spe":0},"happiness":160,"item":"leftovers","ivs":{"atk":31,"def":31,"hp":31,"spa":31,"spd":31,"spe":31},"level":100,"moves":["roost","defog","uturn","ironhead"],"name":"Corviknight","nature":"Impish","species":"Corviknight"},{"ability":"regenerator","evs":{"atk":0,"def":20,"hp":236,"spa":0,"spd":252,"spe":0},"happiness":160,"item":"blacksludge","ivs":{"atk":0,"def":31,"hp":31,"spa":31,"spd":31,"spe":31},"level":100,"moves":["recover","scald","haze","sludgebomb"],"name":"Toxapex","nature":"Calm","species":"Toxapex"},{"ability":"magicguard","evs":{"atk":0,"def":252,"hp":252,"spa":4,"spd":0,"spe":0},"happiness":160,"item":"lifeorb","ivs":{"atk":0,"def":31,"hp":31,"spa":31,"spd":31,"spe":31},"level":100,"moves":["calmmind","moonblast","flamethrower","moonlight"],"name":"Clefable","nature":"Bold","species":"Clefable"},{"ability":"infiltrator","evs":{"atk":0,"def":0,"hp":0,"spa":252,"spd":0,"spe":252},"happiness":160,"item":"choicespecs","ivs":{"atk":31,"def":31,"hp":31,"spa":31,"spd":31,"spe":31},"level":100,"moves":["dracometeor","uturn","flamethrower","shadowball"],"name":"Dragapult","nature":"Timid","species":"Dragapult"}],"p2":"27098","p2rating":1208,"p2team":[{"ability":"punkrock","evs":{"atk":252,"def":0,"hp":0,"spa":48,"spd":0,"spe":208},"happiness":160,"item":"lifeorb","ivs":{"atk":31,"def":31,"hp":31,"spa":31,"spd":31,"spe":31},"level":100,"moves":["overdrive","boomburst","firepunch","shiftgear"],"name":"Toxtricity","nature":"Lonely","species":"Toxtricity"},{"ability":"magicbounce","evs":{"atk":0,"def":0,"hp":252,"spa":200,"spd":0,"spe":56},"gender":"F","happiness":160,"item":"choicespecs","ivs":{"atk":0,"def":31,"hp":31,"spa":31,"spd":31,"spe":31},"level":100,"moves":["psychic","drainingkiss","shadowball","mysticalfire"],"name":"Hatterene","nature":"Modest","species":"Hatterene"},{"ability":"infiltrator","evs":{"atk":252,"def":0,"hp":0,"spa":0,"spd":4,"spe":252},"happiness":160,"item":"choiceband","ivs":{"atk":31,"def":31,"hp":31,"spa":31,"spd":31,"spe":31},"level":100,"moves":["dragondarts","phantomforce","uturn","suckerpunch"],"name":"Dragapult","nature":"Jolly","species":"Dragapult"},{"ability":"blaze","evs":{"atk":0,"def":0,"hp":252,"spa":0,"spd":4,"spe":252},"happiness":160,"item":"heavydutyboots","ivs":{"atk":31,"def":31,"hp":31,"spa":31,"spd":31,"spe":31},"level":100,"moves":["pyroball","highjumpkick","uturn","courtchange"],"name":"Cinderace","nature":"Jolly","species":"Cinderace"},{"ability":"naturalcure","evs":{"atk":0,"def":0,"hp":0,"spa":252,"spd":4,"spe":252},"happiness":160,"item":"focussash","ivs":{"atk":0,"def":31,"hp":31,"spa":31,"spd":31,"spe":31},"level":100,"moves":["gigadrain","sludgebomb","dazzlinggleam","spikes"],"name":"Roserade","nature":"Timid","species":"Roserade"},{"ability":"waterabsorb","evs":{"atk":4,"def":252,"hp":252,"spa":0,"spd":0,"spe":0},"happiness":160,"item":"leftovers","ivs":{"atk":31,"def":31,"hp":31,"spa":31,"spd":31,"spe":31},"level":100,"moves":["earthquake","toxic","stealthrock","scald"],"name":"Seismitoad","nature":"Impish","species":"Seismitoad"}],"roomid":100433,"score":[6,5],"seed":[21583,18595,27844,30059],"timestamp":"Mon Dec 30 2019 19:XX","turns":3,"winner":"27042","rated_battle":true,"average_rating":1232}