{"endType":"forfeit","format":"gen8ou","inputLog":[">version aa9f8c6b9cf4eca780a1296832ecd3b0009641e0",">version-origin 5e8529faaa5905c5f8e15eafaaefa806ee8c7d06",">start {\"formatid\":\"gen8ou\",\"seed\":[10865,43991,15667,15535],\"rated\":\"Rated battle\"}",">player p1 {\"\"name\":\"128672\",\"rating\":1483}",">player p2 {\"\"name\":\"135527\",\"rating\":1444}",">p1 team 5, 2, 3, 4, 1, 6",">p2 team 3, 2, 1, 4, 5, 6",">p1 move uturn",">p2 move hydropump",">p1 switch 3",">p1 move spikes",">p2 move voltswitch",">p2 switch 6",">p1 switch 2",">p2 move psychic",">p1 move slackoff",">p2 move psychic",">p1 switch 2",">p2 move psychic",">p1 move spikes",">p2 move focusblast",">p1 switch 5",">p1 move darkestlariat",">p2 move psychic",">p2 switch 2",">p1 switch 6",">p2 move stealthrock",">p1 move hydropump",">p2 switch 6",">p1 move nastyplot",">p2 move willowisp",">p1 move discharge",">p2 move voltswitch",">p2 switch 5",">p1 move discharge",">p2 move darkpulse",">p1 switch 6",">p2 move darkpulse",">p1 move drainpunch",">p2 switch 4",">p1 switch 2",">p2 move swordsdance",">p1 move slackoff",">p2 move shadowclaw",">p1 move slackoff",">p2 move playrough"],"log":["|j|\u2606128672","|j|\u2606135527","|player|p1|128672|96|1483","|player|p2|135527|265|1444","|teamsize|p1|6","|teamsize|p2|6","|gametype|singles","|gen|8","|tier|[Gen 8] OU","|rated|","|rule|Sleep Clause Mod: Limit one foe put to sleep","|rule|Species Clause: Limit one of each Pok\u00e9mon","|rule|OHKO Clause: OHKO moves are banned","|rule|Evasion Moves Clause: Evasion moves are banned","|rule|Endless Battle Clause: Forcing endless battles is banned","|rule|HP Percentage Mod: HP is shown in percentages","|clearpoke","|poke|p1|Bewear, M|","|poke|p1|Hippowdon, M|","|poke|p1|Ferrothorn, F|","|poke|p1|Dragapult, M|","|poke|p1|Darmanitan-Galar, M|","|poke|p1|Rotom-Wash|","|poke|p2|Lucario, M|","|poke|p2|Hippowdon, M|","|poke|p2|Rotom-Wash|","|poke|p2|Mimikyu, M|","|poke|p2|Hydreigon, F|","|poke|p2|Reuniclus, F|","|rule|Dynamax Clause: You cannot dynamax","|teampreview","|","|start","|switch|p1a: Darmanitan|Darmanitan-Galar, M|351\/351","|switch|p2a: Rotom|Rotom-Wash|304\/304","|turn|1","|","|move|p1a: Darmanitan|U-turn|p2a: Rotom","|-damage|p2a: Rotom|212\/304","|","|switch|p1a: Ferrothorn|Ferrothorn, F|352\/352","|move|p2a: Rotom|Hydro Pump|p1a: Ferrothorn","|-resisted|p1a: Ferrothorn","|-damage|p1a: Ferrothorn|293\/352","|","|-heal|p2a: Rotom|231\/304|[from] item: Leftovers","|-heal|p1a: Ferrothorn|315\/352|[from] item: Leftovers","|upkeep","|turn|2","|","|move|p2a: Rotom|Volt Switch|p1a: Ferrothorn","|-resisted|p1a: Ferrothorn","|-damage|p1a: Ferrothorn|277\/352","|","|switch|p2a: Reuniclus|Reuniclus, F|424\/424","|move|p1a: Ferrothorn|Spikes|p2a: Reuniclus","|-sidestart135527|Spikes","|","|-heal|p1a: Ferrothorn|299\/352|[from] item: Leftovers","|upkeep","|turn|3","|","|switch|p1a: Hippowdon|Hippowdon, M|420\/420","|-weather|Sandstorm|[from] ability: Sand Stream|[of] p1a: Hippowdon","|move|p2a: Reuniclus|Psychic|p1a: Hippowdon","|-damage|p1a: Hippowdon|186\/420","|","|-weather|Sandstorm|[upkeep]","|-heal|p1a: Hippowdon|212\/420|[from] item: Leftovers","|upkeep","|turn|4","|","|move|p1a: Hippowdon|Slack Off|p1a: Hippowdon","|-heal|p1a: Hippowdon|420\/420","|move|p2a: Reuniclus|Psychic|p1a: Hippowdon","|-damage|p1a: Hippowdon|194\/420","|","|-weather|Sandstorm|[upkeep]","|-heal|p1a: Hippowdon|220\/420|[from] item: Leftovers","|upkeep","|turn|5","|","|switch|p1a: Ferrothorn|Ferrothorn, F|299\/352","|move|p2a: Reuniclus|Psychic|p1a: Ferrothorn","|-resisted|p1a: Ferrothorn","|-damage|p1a: Ferrothorn|208\/352","|","|-weather|Sandstorm|[upkeep]","|-heal|p1a: Ferrothorn|230\/352|[from] item: Leftovers","|upkeep","|turn|6","|","|move|p1a: Ferrothorn|Spikes|p2a: Reuniclus","|-sidestart135527|Spikes","|move|p2a: Reuniclus|Focus Blast|p1a: Ferrothorn","|-supereffective|p1a: Ferrothorn","|-damage|p1a: Ferrothorn|0 fnt","|faint|p1a: Ferrothorn","|","|-weather|Sandstorm|[upkeep]","|upkeep","|","|switch|p1a: Bewear|Bewear, M|381\/381","|turn|7","|","|move|p1a: Bewear|Darkest Lariat|p2a: Reuniclus","|-supereffective|p2a: Reuniclus","|-crit|p2a: Reuniclus","|-damage|p2a: Reuniclus|0 fnt","|faint|p2a: Reuniclus","|","|-weather|none","|upkeep","|","|switch|p2a: Hippowdon|Hippowdon, M|420\/420","|-damage|p2a: Hippowdon|350\/420|[from] Spikes","|-weather|Sandstorm|[from] ability: Sand Stream|[of] p2a: Hippowdon","|turn|8","|","|switch|p1a: Rotom|Rotom-Wash|303\/303","|move|p2a: Hippowdon|Stealth Rock|p1a: Rotom","|-sidestart128672|move: Stealth Rock","|","|-weather|Sandstorm|[upkeep]","|-damage|p1a: Rotom|285\/303|[from] Sandstorm","|-heal|p2a: Hippowdon|376\/420|[from] item: Leftovers","|upkeep","|turn|9","|","|switch|p2a: Rotom|Rotom-Wash|231\/304","|move|p1a: Rotom|Hydro Pump|p2a: Rotom","|-resisted|p2a: Rotom","|-damage|p2a: Rotom|167\/304","|","|-weather|Sandstorm|[upkeep]","|-damage|p1a: Rotom|267\/303|[from] Sandstorm","|-damage|p2a: Rotom|148\/304|[from] Sandstorm","|-heal|p2a: Rotom|167\/304|[from] item: Leftovers","|upkeep","|turn|10","|","|move|p1a: Rotom|Nasty Plot|p1a: Rotom","|-boost|p1a: Rotom|spa|2","|move|p2a: Rotom|Will-O-Wisp|p1a: Rotom","|-status|p1a: Rotom|brn","|","|-weather|Sandstorm|[upkeep]","|-damage|p1a: Rotom|249\/303 brn|[from] Sandstorm","|-damage|p2a: Rotom|148\/304|[from] Sandstorm","|-heal|p2a: Rotom|167\/304|[from] item: Leftovers","|-damage|p1a: Rotom|231\/303 brn|[from] brn","|upkeep","|turn|11","|","|move|p1a: Rotom|Discharge|p2a: Rotom","|-damage|p2a: Rotom|0 fnt","|faint|p2a: Rotom","|","|-weather|Sandstorm|[upkeep]","|-damage|p1a: Rotom|213\/303 brn|[from] Sandstorm","|-damage|p1a: Rotom|195\/303 brn|[from] brn","|upkeep","|","|switch|p2a: Hydreigon|Hydreigon, F|325\/325","|turn|12","|","|move|p2a: Hydreigon|Dark Pulse|p1a: Rotom","|-damage|p1a: Rotom|53\/303 brn","|-enditem|p1a: Rotom|Iapapa Berry|[eat]","|-heal|p1a: Rotom|152\/303 brn|[from] item: Iapapa Berry","|cant|p1a: Rotom|flinch","|","|-weather|none","|-damage|p1a: Rotom|134\/303 brn|[from] brn","|upkeep","|turn|13","|","|switch|p1a: Bewear|Bewear, M|381\/381","|-damage|p1a: Bewear|358\/381|[from] Stealth Rock","|move|p2a: Hydreigon|Dark Pulse|p1a: Bewear","|-resisted|p1a: Bewear","|-damage|p1a: Bewear|256\/381","|","|upkeep","|turn|14","|","|switch|p2a: Mimikyu|Mimikyu, M|251\/251","|-damage|p2a: Mimikyu|210\/251|[from] Spikes","|move|p1a: Bewear|Drain Punch|p2a: Mimikyu","|-immune|p2a: Mimikyu","|","|upkeep","|turn|15","|","|switch|p1a: Hippowdon|Hippowdon, M|220\/420","|-damage|p1a: Hippowdon|194\/420|[from] Stealth Rock","|-weather|Sandstorm|[from] ability: Sand Stream|[of] p1a: Hippowdon","|move|p2a: Mimikyu|Swords Dance|p2a: Mimikyu","|-boost|p2a: Mimikyu|atk|2","|","|-weather|Sandstorm|[upkeep]","|-damage|p2a: Mimikyu|195\/251|[from] Sandstorm","|-heal|p1a: Hippowdon|220\/420|[from] item: Leftovers","|upkeep","|turn|16","|","|move|p2a: Mimikyu|Shadow Claw|p1a: Hippowdon","|-damage|p1a: Hippowdon|21\/420","|-damage|p2a: Mimikyu|170\/251|[from] item: Life Orb","|move|p1a: Hippowdon|Slack Off|p1a: Hippowdon","|-heal|p1a: Hippowdon|231\/420","|","|-weather|Sandstorm|[upkeep]","|-damage|p2a: Mimikyu|155\/251|[from] Sandstorm","|-heal|p1a: Hippowdon|257\/420|[from] item: Leftovers","|upkeep","|turn|17","|","|move|p2a: Mimikyu|Play Rough|p1a: Hippowdon","|-crit|p1a: Hippowdon","|-damage|p1a: Hippowdon|0 fnt","|-damage|p2a: Mimikyu|130\/251|[from] item: Life Orb","|faint|p1a: Hippowdon","|","|-weather|Sandstorm|[upkeep]","|-damage|p2a: Mimikyu|115\/251|[from] Sandstorm","|upkeep","|-message|128672 forfeited.","|","|win|135527","|l|\u2606128672","|raw|128672's rating: 1483 &rarr; <strong>1461<\/strong><br \/>(-22 for losing)","|raw|135527's rating: 1444 &rarr; <strong>1466<\/strong><br \/>(+22 for winning)",""],"p1":"128672","p1rating":1483,"p1team":[{"ability":"fluffy","evs":{"atk":252,"def":0,"hp":0,"spa":0,"spd":4,"spe":252},"happiness":160,"item":"choiceband","ivs":{"atk":31,"def":31,"hp":31,"spa":31,"spd":31,"spe":31},"level":100,"moves":["closecombat","drainpunch","earthquake","darkestlariat"],"name":"Bewear","nature":"Adamant","species":"Bewear"},{"ability":"sandstream","evs":{"atk":8,"def":72,"hp":252,"spa":0,"spd":176,"spe":0},"happiness":160,"item":"leftovers","ivs":{"atk":31,"def":31,"hp":31,"spa":31,"spd":31,"spe":31},"level":100,"moves":["earthquake","slackoff","stealthrock","whirlwind"],"name":"Hippowdon","nature":"Impish","species":"Hippowdon"},{"ability":"ironbarbs","evs":{"atk":0,"def":248,"hp":252,"spa":0,"spd":8,"spe":0},"happiness":160,"item":"leftovers","ivs":{"atk":31,"def":31,"hp":31,"spa":31,"spd":31,"spe":31},"level":100,"moves":["powerwhip","spikes","protect","leechseed"],"name":"Ferrothorn","nature":"Impish","species":"Ferrothorn"},{"ability":"infiltrator","evs":{"atk":0,"def":0,"hp":0,"spa":252,"spd":4,"spe":252},"happiness":160,"item":"choicespecs","ivs":{"atk":31,"def":31,"hp":31,"spa":31,"spd":31,"spe":31},"level":100,"moves":["shadowball","dracometeor","uturn","fireblast"],"name":"Dragapult","nature":"Timid","species":"Dragapult"},{"ability":"gorillatactics","evs":{"atk":252,"def":0,"hp":0,"spa":0,"spd":4,"spe":252},"happiness":160,"item":"choicescarf","ivs":{"atk":31,"def":31,"hp":31,"spa":31,"spd":31,"spe":31},"level":100,"moves":["iciclecrash","flareblitz","earthquake","uturn"],"name":"Darmanitan","nature":"Jolly","species":"darmanitangalar"},{"ability":"levitate","evs":{"atk":0,"def":0,"hp":248,"spa":44,"spd":0,"spe":216},"gender":"N","happiness":160,"item":"iapapaberry","ivs":{"atk":0,"def":31,"hp":31,"spa":31,"spd":31,"spe":31},"level":100,"moves":["discharge","hydropump","darkpulse","nastyplot"],"name":"Rotom","nature":"Timid","species":"rotomwash"}],"p2":"135527","p2rating":1444,"p2team":[{"ability":"steadfast","evs":{"atk":0,"def":0,"hp":4,"spa":252,"spd":0,"spe":252},"happiness":160,"item":"lifeorb","ivs":{"atk":0,"def":31,"hp":31,"spa":31,"spd":31,"spe":31},"level":100,"moves":["nastyplot","vacuumwave","flashcannon","aurasphere"],"name":"Lucario","nature":"Timid","species":"Lucario"},{"ability":"sandstream","evs":{"atk":0,"def":152,"hp":252,"spa":0,"spd":104,"spe":0},"happiness":160,"item":"leftovers","ivs":{"atk":31,"def":31,"hp":31,"spa":31,"spd":31,"spe":31},"level":100,"moves":["stealthrock","earthquake","slackoff","roar"],"name":"Hippowdon","nature":"Impish","species":"Hippowdon"},{"ability":"levitate","evs":{"atk":0,"def":252,"hp":252,"spa":0,"spd":4,"spe":0},"gender":"N","happiness":160,"item":"leftovers","ivs":{"atk":0,"def":31,"hp":31,"spa":31,"spd":31,"spe":31},"level":100,"moves":["voltswitch","hydropump","willowisp","thunderwave"],"name":"Rotom","nature":"Bold","species":"rotomwash"},{"ability":"disguise","evs":{"atk":252,"def":0,"hp":0,"spa":0,"spd":4,"spe":252},"happiness":160,"item":"lifeorb","ivs":{"atk":31,"def":31,"hp":31,"spa":31,"spd":31,"spe":31},"level":100,"moves":["swordsdance","playrough","shadowclaw","shadowsneak"],"name":"Mimikyu","nature":"Jolly","species":"Mimikyu"},{"ability":"levitate","evs":{"atk":0,"def":0,"hp":0,"spa":252,"spd":4,"spe":252},"happiness":160,"item":"choicescarf","ivs":{"atk":31,"def":31,"hp":31,"spa":31,"spd":31,"spe":31},"level":100,"moves":["uturn","dracometeor","darkpulse","flamethrower"],"name":"Hydreigon","nature":"Timid","species":"Hydreigon"},{"ability":"magicguard","evs":{"atk":0,"def":0,"hp":252,"spa":252,"spd":4,"spe":0},"happiness":160,"item":"lifeorb","ivs":{"atk":0,"def":31,"hp":31,"spa":31,"spd":31,"spe":0},"level":100,"moves":["recover","psychic","focusblast","thunder"],"name":"Reuniclus","nature":"Quiet","species":"Reuniclus"}],"roomid":1015715,"score":[4,4],"seed":[10865,43991,15667,15535],"timestamp":"Sat Dec 28 2019 07:XX","turns":17,"winner":"135527","rated_battle":true,"average_rating":1463}