{"endType":"forfeit","format":"gen8ou","inputLog":[">version aa9f8c6b9cf4eca780a1296832ecd3b0009641e0",">version-origin 5e8529faaa5905c5f8e15eafaaefa806ee8c7d06",">start {\"formatid\":\"gen8ou\",\"seed\":[21036,42528,47642,60386],\"rated\":\"Rated battle\"}",">player p1 {\"\"name\":\"30892\",\"rating\":1680}",">player p2 {\"\"name\":\"9100\",\"rating\":1550}",">p1 team 5, 2, 3, 4, 1, 6",">p2 team 2, 1, 3, 4, 5, 6",">p1 switch 6",">p2 move uturn",">p2 switch 2",">p1 switch 4",">p2 move pyroball",">p1 move stealthrock",">p2 move uturn",">p2 switch 4",">p1 switch 2",">p2 switch 4",">p1 move substitute",">p2 switch 2",">p1 move bellydrum",">p2 move darkpulse",">p1 move iciclecrash",">p2 switch 3",">p2 switch 5",">p1 move earthquake",">p2 move shadowsneak",">p1 switch 2",">p1 switch 5",">p2 switch 4",">p1 switch 3",">p2 switch 3",">p1 move closecombat",">p2 switch 4",">p1 move swordsdance",">p2 move ironhead",">p1 switch 6",">p1 move spikes",">p2 switch 2"],"log":["|j|\u260630892","|j|\u26069100","|player|p1|30892|170|1680","|player|p2|9100|skierf|1550","|teamsize|p1|6","|teamsize|p2|6","|gametype|singles","|gen|8","|tier|[Gen 8] OU","|rated|","|rule|Sleep Clause Mod: Limit one foe put to sleep","|rule|Species Clause: Limit one of each Pok\u00e9mon","|rule|OHKO Clause: OHKO moves are banned","|rule|Evasion Moves Clause: Evasion moves are banned","|rule|Endless Battle Clause: Forcing endless battles is banned","|rule|HP Percentage Mod: HP is shown in percentages","|clearpoke","|poke|p1|Indeedee-F, F|","|poke|p1|Darmanitan-Galar, F|","|poke|p1|Hawlucha, F|","|poke|p1|Torkoal, M|","|poke|p1|Ferrothorn, M|","|poke|p1|Clefable, F|","|poke|p2|Cinderace, M|","|poke|p2|Hydreigon, F|","|poke|p2|Clefable, M|","|poke|p2|Seismitoad, F|","|poke|p2|Aegislash, M|","|poke|p2|Corviknight, M|","|rule|Dynamax Clause: You cannot dynamax","|teampreview","|","|start","|switch|p1a: Ferrothorn|Ferrothorn, M|352\/352","|switch|p2a: Hydreigon|Hydreigon, F|325\/325","|turn|1","|","|switch|p1a: Clefable|Clefable, F|394\/394","|move|p2a: Hydreigon|U-turn|p1a: Clefable","|-resisted|p1a: Clefable","|-damage|p1a: Clefable|361\/394","|","|switch|p2a: Cinderace|Cinderace, M|319\/319","|","|-heal|p1a: Clefable|385\/394|[from] item: Leftovers","|upkeep","|turn|2","|","|switch|p1a: Torkoal|Torkoal, M|344\/344","|-weather|SunnyDay|[from] ability: Drought|[of] p1a: Torkoal","|move|p2a: Cinderace|Pyro Ball|p1a: Torkoal","|-resisted|p1a: Torkoal","|-damage|p1a: Torkoal|266\/344","|","|-weather|SunnyDay|[upkeep]","|upkeep","|turn|3","|","|move|p2a: Cinderace|U-turn|p1a: Torkoal","|-resisted|p1a: Torkoal","|-damage|p1a: Torkoal|244\/344","|","|switch|p2a: Seismitoad|Seismitoad, F|414\/414","|move|p1a: Torkoal|Stealth Rock|p2a: Seismitoad","|-sidestart9100|move: Stealth Rock","|","|-weather|SunnyDay|[upkeep]","|upkeep","|turn|4","|","|switch|p2a: Cinderace|Cinderace, M|319\/319","|switch|p1a: Darmanitan|Darmanitan-Galar, F|352\/352","|","|-weather|SunnyDay|[upkeep]","|upkeep","|turn|5","|","|switch|p2a: Hydreigon|Hydreigon, F|325\/325","|-damage|p2a: Hydreigon|285\/325|[from] Stealth Rock","|move|p1a: Darmanitan|Substitute|p1a: Darmanitan","|-start|p1a: Darmanitan|Substitute","|-damage|p1a: Darmanitan|264\/352","|","|-weather|SunnyDay|[upkeep]","|upkeep","|turn|6","|","|move|p2a: Hydreigon|Dark Pulse|p1a: Darmanitan","|-end|p1a: Darmanitan|Substitute","|move|p1a: Darmanitan|Belly Drum|p1a: Darmanitan","|-damage|p1a: Darmanitan|88\/352","|-setboost|p1a: Darmanitan|atk|6|[from] move: Belly Drum","|-enditem|p1a: Darmanitan|Salac Berry|[eat]","|-boost|p1a: Darmanitan|spe|1","|","|-weather|none","|-formechange|p1a: Darmanitan|Darmanitan-Galar-Zen|","|upkeep","|turn|7","|","|switch|p2a: Clefable|Clefable, M|341\/341","|move|p1a: Darmanitan|Icicle Crash|p2a: Clefable","|-damage|p2a: Clefable|0 fnt","|faint|p2a: Clefable","|","|upkeep","|","|switch|p2a: Aegislash|Aegislash, M|284\/284","|-damage|p2a: Aegislash|267\/284|[from] Stealth Rock","|turn|8","|","|-formechange|p2a: Aegislash|Aegislash-Blade||[from] ability: Stance Change","|move|p2a: Aegislash|Shadow Sneak|p1a: Darmanitan","|-damage|p1a: Darmanitan|0 fnt","|faint|p1a: Darmanitan","|","|upkeep","|","|switch|p1a: Torkoal|Torkoal, M|244\/344","|-weather|SunnyDay|[from] ability: Drought|[of] p1a: Torkoal","|turn|9","|","|switch|p2a: Seismitoad|Seismitoad, F|414\/414","|-damage|p2a: Seismitoad|389\/414|[from] Stealth Rock","|switch|p1a: Indeedee|Indeedee-F, F|343\/343","|-fieldstart|move: Psychic Terrain|[from] ability: Psychic Surge|[of] p1a: Indeedee","|","|-weather|SunnyDay|[upkeep]","|-heal|p2a: Seismitoad|414\/414|[from] item: Leftovers","|upkeep","|turn|10","|","|switch|p1a: Hawlucha|Hawlucha, F|297\/297","|-enditem|p1a: Hawlucha|Psychic Seed","|-boost|p1a: Hawlucha|spd|1","|switch|p2a: Hydreigon|Hydreigon, F|285\/325","|-damage|p2a: Hydreigon|245\/325|[from] Stealth Rock","|","|-weather|SunnyDay|[upkeep]","|upkeep","|turn|11","|","|switch|p2a: Aegislash|Aegislash, M|267\/284","|-damage|p2a: Aegislash|250\/284|[from] Stealth Rock","|move|p1a: Hawlucha|Close Combat|p2a: Aegislash","|-immune|p2a: Aegislash","|","|-weather|SunnyDay|[upkeep]","|upkeep","|turn|12","|","|move|p1a: Hawlucha|Swords Dance|p1a: Hawlucha","|-boost|p1a: Hawlucha|atk|2","|-formechange|p2a: Aegislash|Aegislash-Blade||[from] ability: Stance Change","|move|p2a: Aegislash|Iron Head|p1a: Hawlucha","|-damage|p1a: Hawlucha|0 fnt","|faint|p1a: Hawlucha","|","|-weather|SunnyDay|[upkeep]","|upkeep","|","|switch|p1a: Ferrothorn|Ferrothorn, M|352\/352","|turn|13","|","|switch|p2a: Cinderace|Cinderace, M|319\/319","|move|p1a: Ferrothorn|Spikes|p2a: Cinderace","|-sidestart9100|Spikes","|","|-weather|none","|upkeep","|turn|14","|l|\u26069100","|player|p2|","|-message|9100 lost due to inactivity.","|","|win|30892","|raw|30892's rating: 1680 &rarr; <strong>1693<\/strong><br \/>(+13 for winning)","|raw|9100's rating: 1550 &rarr; <strong>1537<\/strong><br \/>(-13 for losing)",""],"p1":"30892","p1rating":1680,"p1team":[{"ability":"psychicsurge","evs":{"atk":0,"def":0,"hp":248,"spa":8,"spd":0,"spe":252},"gender":"F","happiness":160,"item":"terrainextender","ivs":{"atk":0,"def":31,"hp":31,"spa":31,"spd":31,"spe":31},"level":100,"moves":["healingwish","psychic","mysticalfire","dazzlinggleam"],"name":"Indeedee","nature":"Timid","species":"indeedeef"},{"ability":"zenmode","evs":{"atk":252,"def":0,"hp":4,"spa":0,"spd":0,"spe":252},"happiness":160,"item":"salacberry","ivs":{"atk":31,"def":31,"hp":31,"spa":31,"spd":31,"spe":31},"level":100,"moves":["substitute","bellydrum","iciclecrash","earthquake"],"name":"Darmanitan","nature":"Jolly","species":"darmanitangalar"},{"ability":"unburden","evs":{"atk":252,"def":4,"hp":0,"spa":0,"spd":0,"spe":252},"happiness":160,"item":"psychicseed","ivs":{"atk":31,"def":31,"hp":31,"spa":31,"spd":31,"spe":31},"level":100,"moves":["swordsdance","firepunch","acrobatics","closecombat"],"name":"Hawlucha","nature":"Adamant","species":"Hawlucha"},{"ability":"drought","evs":{"atk":0,"def":252,"hp":252,"spa":0,"spd":0,"spe":4},"happiness":160,"item":"heavydutyboots","ivs":{"atk":0,"def":31,"hp":31,"spa":31,"spd":31,"spe":31},"level":100,"moves":["flamethrower","stealthrock","rapidspin","yawn"],"name":"Torkoal","nature":"Bold","species":"Torkoal"},{"ability":"ironbarbs","evs":{"atk":0,"def":252,"hp":252,"spa":0,"spd":4,"spe":0},"happiness":160,"item":"leftovers","ivs":{"atk":31,"def":31,"hp":31,"spa":31,"spd":31,"spe":31},"level":100,"moves":["knockoff","spikes","leechseed","powerwhip"],"name":"Ferrothorn","nature":"Impish","species":"Ferrothorn"},{"ability":"magicguard","evs":{"atk":0,"def":0,"hp":252,"spa":4,"spd":252,"spe":0},"happiness":160,"item":"leftovers","ivs":{"atk":0,"def":31,"hp":31,"spa":31,"spd":31,"spe":31},"level":100,"moves":["moonblast","thunderbolt","calmmind","moonlight"],"name":"Clefable","nature":"Calm","species":"Clefable"}],"p2":"9100","p2rating":1550,"p2team":[{"ability":"blaze","evs":{"atk":252,"def":0,"hp":72,"spa":0,"spd":0,"spe":184},"happiness":160,"item":"heavydutyboots","ivs":{"atk":31,"def":31,"hp":31,"spa":31,"spd":31,"spe":31},"level":100,"moves":["courtchange","pyroball","suckerpunch","uturn"],"name":"Cinderace","nature":"Jolly","species":"Cinderace"},{"ability":"levitate","evs":{"atk":0,"def":0,"hp":0,"spa":252,"spd":4,"spe":252},"happiness":160,"item":"choicescarf","ivs":{"atk":31,"def":31,"hp":31,"spa":31,"spd":31,"spe":31},"level":100,"moves":["darkpulse","dracometeor","fireblast","uturn"],"name":"Hydreigon","nature":"Timid","species":"Hydreigon"},{"ability":"magicguard","evs":{"atk":0,"def":0,"hp":40,"spa":252,"spd":0,"spe":216},"happiness":160,"item":"lifeorb","ivs":{"atk":0,"def":31,"hp":31,"spa":31,"spd":31,"spe":31},"level":100,"moves":["flamethrower","moonblast","thunderbolt","moonlight"],"name":"Clefable","nature":"Modest","species":"Clefable"},{"ability":"waterabsorb","evs":{"atk":0,"def":252,"hp":252,"spa":0,"spd":4,"spe":0},"happiness":160,"item":"leftovers","ivs":{"atk":31,"def":31,"hp":31,"spa":31,"spd":31,"spe":31},"level":100,"moves":["earthquake","scald","toxic","stealthrock"],"name":"Seismitoad","nature":"Relaxed","species":"Seismitoad"},{"ability":"stancechange","evs":{"atk":252,"def":0,"hp":92,"spa":0,"spd":0,"spe":164},"happiness":160,"item":"choiceband","ivs":{"atk":31,"def":31,"hp":31,"spa":31,"spd":31,"spe":31},"level":100,"moves":["closecombat","ironhead","shadowsneak","headsmash"],"name":"Aegislash","nature":"Adamant","species":"Aegislash"},{"ability":"mirrorarmor","evs":{"atk":0,"def":40,"hp":248,"spa":0,"spd":156,"spe":64},"happiness":160,"item":"leftovers","ivs":{"atk":31,"def":31,"hp":31,"spa":31,"spd":31,"spe":31},"level":100,"moves":["bravebird","taunt","bulkup","roost"],"name":"Corviknight","nature":"Careful","species":"Corviknight"}],"roomid":1019257,"score":[4,5],"seed":[21036,42528,47642,60386],"timestamp":"Sat Dec 28 2019 14:XX","turns":14,"winner":"30892","rated_battle":true,"average_rating":1615}