{"endType":"forfeit","format":"gen8ou","inputLog":[">version aa9f8c6b9cf4eca780a1296832ecd3b0009641e0",">version-origin 5e8529faaa5905c5f8e15eafaaefa806ee8c7d06",">start {\"formatid\":\"gen8ou\",\"seed\":[11630,40265,8837,4621],\"rated\":\"Rated battle\"}",">player p1 {\"\"name\":\"3908\",\"rating\":1225}",">player p2 {\"\"name\":\"29574\",\"rating\":1212}",">p1 team 1, 2, 3, 4, 5, 6",">p2 team 5, 2, 3, 4, 1, 6",">p1 move flareblitz",">p2 move uturn",">p2 switch 3",">p1 move flareblitz",">p2 move fishiousrend",">p1 switch 5",">p1 move swordsdance",">p2 move fishiousrend",">p1 move kingsshield",">p2 switch 2",">p1 move ironhead",">p2 move darkpulse",">p1 switch 3",">p1 move substitute",">p2 switch 4",">p1 move nastyplot",">p2 move stealthrock",">p1 move nastyplot",">p2 move spikes",">p1 move darkpulse",">p2 move spikes",">p2 switch 3",">p1 move darkpulse",">p2 move uturn",">p2 switch 4",">p1 move darkpulse",">p2 move dracometeor",">p1 switch 6",">p1 move moonblast",">p2 move earthpower",">p2 switch 5",">p1 move fireblast",">p2 move boomburst",">p1 switch 4",">p1 move boomburst",">p2 move boomburst"],"log":["|j|\u26063908","|j|\u260629574","|player|p1|3908|marshal|1225","|player|p2|29574|red|1212","|teamsize|p1|6","|teamsize|p2|6","|gametype|singles","|gen|8","|tier|[Gen 8] OU","|rated|","|rule|Sleep Clause Mod: Limit one foe put to sleep","|rule|Species Clause: Limit one of each Pok\u00e9mon","|rule|OHKO Clause: OHKO moves are banned","|rule|Evasion Moves Clause: Evasion moves are banned","|rule|Endless Battle Clause: Forcing endless battles is banned","|rule|HP Percentage Mod: HP is shown in percentages","|clearpoke","|poke|p1|Darmanitan-Galar, M|","|poke|p1|Cinderace, M|","|poke|p1|Hydreigon, M|","|poke|p1|Toxtricity, F|","|poke|p1|Aegislash, M|","|poke|p1|Clefable, M|","|poke|p2|Toxtricity-Low-Key, F|","|poke|p2|Hydreigon, F|","|poke|p2|Dracovish|","|poke|p2|Ferrothorn, F|","|poke|p2|Darmanitan-Galar, M|","|poke|p2|Conkeldurr, F|","|rule|Dynamax Clause: You cannot dynamax","|teampreview","|","|start","|switch|p1a: Darmanitan|Darmanitan-Galar, M|351\/351","|switch|p2a: Darmanitan|Darmanitan-Galar, M|351\/351","|turn|1","|","|move|p2a: Darmanitan|U-turn|p1a: Darmanitan","|-damage|p1a: Darmanitan|131\/351","|","|switch|p2a: Dracovish|Dracovish|321\/321","|move|p1a: Darmanitan|Flare Blitz|p2a: Dracovish","|-resisted|p2a: Dracovish","|-damage|p2a: Dracovish|266\/321","|-damage|p1a: Darmanitan|113\/351|[from] Recoil","|","|upkeep","|turn|2","|","|move|p1a: Darmanitan|Flare Blitz|p2a: Dracovish","|-resisted|p2a: Dracovish","|-damage|p2a: Dracovish|210\/321","|-damage|p1a: Darmanitan|95\/351|[from] Recoil","|move|p2a: Dracovish|Fishious Rend|p1a: Darmanitan","|-damage|p1a: Darmanitan|0 fnt","|faint|p1a: Darmanitan","|","|upkeep","|","|switch|p1a: Aegislash|Aegislash, M|324\/324","|turn|3","|","|move|p2a: Dracovish|Fishious Rend|p1a: Aegislash","|-damage|p1a: Aegislash|152\/324","|move|p1a: Aegislash|Swords Dance|p1a: Aegislash","|-boost|p1a: Aegislash|atk|2","|","|-heal|p1a: Aegislash|172\/324|[from] item: Leftovers","|upkeep","|turn|4","|","|switch|p2a: Hydreigon|Hydreigon, F|325\/325","|move|p1a: Aegislash|King's Shield||[still]","|-fail|p1a: Aegislash","|","|-heal|p1a: Aegislash|192\/324|[from] item: Leftovers","|upkeep","|turn|5","|","|move|p2a: Hydreigon|Dark Pulse|p1a: Aegislash","|-supereffective|p1a: Aegislash","|-damage|p1a: Aegislash|0 fnt","|-damage|p2a: Hydreigon|293\/325|[from] item: Life Orb","|faint|p1a: Aegislash","|","|upkeep","|","|switch|p1a: Hydreigon|Hydreigon, M|325\/325","|turn|6","|","|switch|p2a: Ferrothorn|Ferrothorn, F|352\/352","|move|p1a: Hydreigon|Substitute|p1a: Hydreigon","|-start|p1a: Hydreigon|Substitute","|-damage|p1a: Hydreigon|244\/325","|","|-heal|p1a: Hydreigon|264\/325|[from] item: Leftovers","|upkeep","|turn|7","|","|move|p1a: Hydreigon|Nasty Plot|p1a: Hydreigon","|-boost|p1a: Hydreigon|spa|2","|move|p2a: Ferrothorn|Stealth Rock|p1a: Hydreigon","|-sidestart3908|move: Stealth Rock","|","|-heal|p1a: Hydreigon|284\/325|[from] item: Leftovers","|upkeep","|turn|8","|","|move|p1a: Hydreigon|Nasty Plot|p1a: Hydreigon","|-boost|p1a: Hydreigon|spa|2","|move|p2a: Ferrothorn|Spikes|p1a: Hydreigon","|-sidestart3908|Spikes","|","|-heal|p1a: Hydreigon|304\/325|[from] item: Leftovers","|upkeep","|turn|9","|","|move|p1a: Hydreigon|Dark Pulse|p2a: Ferrothorn","|-damage|p2a: Ferrothorn|0 fnt","|faint|p2a: Ferrothorn","|","|-heal|p1a: Hydreigon|324\/325|[from] item: Leftovers","|upkeep","|","|switch|p2a: Darmanitan|Darmanitan-Galar, M|351\/351","|turn|10","|","|move|p2a: Darmanitan|U-turn|p1a: Hydreigon","|-supereffective|p1a: Hydreigon","|-end|p1a: Hydreigon|Substitute","|","|switch|p2a: Hydreigon|Hydreigon, F|293\/325","|move|p1a: Hydreigon|Dark Pulse|p2a: Hydreigon","|-resisted|p2a: Hydreigon","|-damage|p2a: Hydreigon|54\/325","|","|-heal|p1a: Hydreigon|325\/325|[from] item: Leftovers","|upkeep","|turn|11","|","|move|p2a: Hydreigon|Draco Meteor|p1a: Hydreigon","|-supereffective|p1a: Hydreigon","|-damage|p1a: Hydreigon|0 fnt","|-unboost|p2a: Hydreigon|spa|2","|-damage|p2a: Hydreigon|22\/325|[from] item: Life Orb","|faint|p1a: Hydreigon","|","|upkeep","|","|switch|p1a: Clefable|Clefable, M|394\/394","|turn|12","|","|move|p2a: Hydreigon|Earth Power|p1a: Clefable","|-damage|p1a: Clefable|313\/394","|-damage|p2a: Hydreigon|0 fnt|[from] item: Life Orb","|faint|p2a: Hydreigon","|move|p1a: Clefable|Moonblast|p2: Hydreigon|[notarget]","|-fail|p1a: Clefable","|","|upkeep","|","|switch|p2a: Toxtricity|Toxtricity-Low-Key, F|354\/354","|turn|13","|","|move|p2a: Toxtricity|Boomburst|p1a: Clefable","|-damage|p1a: Clefable|0 fnt","|faint|p1a: Clefable","|","|upkeep","|","|switch|p1a: Toxtricity|Toxtricity, F|354\/354","|-damage|p1a: Toxtricity|310\/354|[from] Stealth Rock","|-damage|p1a: Toxtricity|266\/354|[from] Spikes","|turn|14","|","|move|p2a: Toxtricity|Boomburst|p1a: Toxtricity","|-crit|p1a: Toxtricity","|-damage|p1a: Toxtricity|0 fnt","|faint|p1a: Toxtricity","|","|upkeep","|-message|3908 forfeited.","|","|win|29574","|l|\u26063908","|l|\u260629574","|raw|3908's rating: 1225 &rarr; <strong>1199<\/strong><br \/>(-26 for losing)","|raw|29574's rating: 1212 &rarr; <strong>1238<\/strong><br \/>(+26 for winning)",""],"p1":"3908","p1rating":1225,"p1team":[{"ability":"gorillatactics","evs":{"atk":252,"def":0,"hp":0,"spa":0,"spd":4,"spe":252},"happiness":160,"item":"choicescarf","ivs":{"atk":31,"def":31,"hp":31,"spa":31,"spd":31,"spe":31},"level":100,"moves":["iciclecrash","flareblitz","earthquake","uturn"],"name":"Darmanitan","nature":"Jolly","species":"darmanitangalar"},{"ability":"blaze","evs":{"atk":252,"def":0,"hp":0,"spa":0,"spd":4,"spe":252},"happiness":160,"item":"lifeorb","ivs":{"atk":31,"def":31,"hp":31,"spa":31,"spd":31,"spe":31},"level":100,"moves":["pyroball","suckerpunch","uturn","courtchange"],"name":"Cinderace","nature":"Jolly","species":"Cinderace"},{"ability":"levitate","evs":{"atk":0,"def":0,"hp":0,"spa":252,"spd":4,"spe":252},"happiness":160,"item":"leftovers","ivs":{"atk":0,"def":31,"hp":31,"spa":31,"spd":31,"spe":31},"level":100,"moves":["darkpulse","flashcannon","substitute","nastyplot"],"name":"Hydreigon","nature":"Timid","species":"Hydreigon"},{"ability":"punkrock","evs":{"atk":0,"def":0,"hp":252,"spa":252,"spd":4,"spe":0},"happiness":160,"item":"choicespecs","ivs":{"atk":0,"def":31,"hp":31,"spa":31,"spd":31,"spe":31},"level":100,"moves":["overdrive","sludgewave","boomburst","voltswitch"],"name":"Toxtricity","nature":"Modest","species":"Toxtricity"},{"ability":"stancechange","evs":{"atk":252,"def":0,"hp":252,"spa":0,"spd":4,"spe":0},"happiness":160,"item":"leftovers","ivs":{"atk":31,"def":31,"hp":31,"spa":31,"spd":31,"spe":31},"level":100,"moves":["ironhead","shadowsneak","kingsshield","swordsdance"],"name":"Aegislash","nature":"Adamant","species":"Aegislash"},{"ability":"magicguard","evs":{"atk":0,"def":0,"hp":252,"spa":252,"spd":4,"spe":0},"happiness":160,"item":"lifeorb","ivs":{"atk":0,"def":31,"hp":31,"spa":31,"spd":31,"spe":31},"level":100,"moves":["moonblast","fireblast","thunderbolt","icebeam"],"name":"Clefable","nature":"Modest","species":"Clefable"}],"p2":"29574","p2rating":1212,"p2team":[{"ability":"punkrock","evs":{"atk":0,"def":0,"hp":252,"spa":252,"spd":4,"spe":0},"happiness":160,"item":"choicespecs","ivs":{"atk":0,"def":31,"hp":31,"spa":31,"spd":31,"spe":31},"level":100,"moves":["boomburst","overdrive","sludgewave","voltswitch"],"name":"Toxtricity","nature":"Modest","species":"toxtricitylowkey"},{"ability":"levitate","evs":{"atk":0,"def":0,"hp":0,"spa":252,"spd":4,"spe":252},"happiness":160,"item":"lifeorb","ivs":{"atk":31,"def":31,"hp":31,"spa":31,"spd":31,"spe":31},"level":100,"moves":["darkpulse","dracometeor","earthpower","uturn"],"name":"Hydreigon","nature":"Timid","species":"Hydreigon"},{"ability":"waterabsorb","evs":{"atk":252,"def":0,"hp":0,"spa":0,"spd":4,"spe":252},"gender":"N","happiness":160,"item":"choicescarf","ivs":{"atk":31,"def":31,"hp":31,"spa":31,"spd":31,"spe":31},"level":100,"moves":["earthquake","fishiousrend","icefang","lowkick"],"name":"Dracovish","nature":"Jolly","species":"Dracovish"},{"ability":"ironbarbs","evs":{"atk":4,"def":252,"hp":252,"spa":0,"spd":0,"spe":0},"happiness":160,"item":"leftovers","ivs":{"atk":31,"def":31,"hp":31,"spa":31,"spd":31,"spe":31},"level":100,"moves":["spikes","leechseed","stealthrock","powerwhip"],"name":"Ferrothorn","nature":"Relaxed","species":"Ferrothorn"},{"ability":"gorillatactics","evs":{"atk":252,"def":0,"hp":0,"spa":0,"spd":4,"spe":252},"happiness":160,"item":"choicescarf","ivs":{"atk":31,"def":31,"hp":31,"spa":31,"spd":31,"spe":31},"level":100,"moves":["earthquake","firepunch","iciclecrash","uturn"],"name":"Darmanitan","nature":"Jolly","species":"darmanitangalar"},{"ability":"ironfist","evs":{"atk":252,"def":0,"hp":252,"spa":0,"spd":4,"spe":0},"happiness":160,"item":"assaultvest","ivs":{"atk":31,"def":31,"hp":31,"spa":31,"spd":31,"spe":31},"level":100,"moves":["drainpunch","icepunch","machpunch","firepunch"],"name":"Conkeldurr","nature":"Adamant","species":"Conkeldurr"}],"roomid":1016959,"score":[1,4],"seed":[11630,40265,8837,4621],"timestamp":"Sat Dec 28 2019 17:XX","turns":14,"winner":"29574","rated_battle":true,"average_rating":1218}