{"endType":"normal","format":"gen8ou","inputLog":[">version aa9f8c6b9cf4eca780a1296832ecd3b0009641e0",">version-origin 5e8529faaa5905c5f8e15eafaaefa806ee8c7d06",">start {\"formatid\":\"gen8ou\",\"seed\":[17392,12501,41345,59636],\"rated\":\"Rated battle\"}",">player p1 {\"\"name\":\"122621\",\"rating\":1178}",">player p2 {\"\"name\":\"121242\",\"rating\":1229}",">p1 team 1, 2, 3, 4, 5, 6",">p2 team 4, 2, 3, 1, 5, 6",">p1 switch 6",">p2 move dracometeor",">p1 move stealthrock",">p2 switch 3",">p1 switch 3",">p2 move defog",">p1 switch 4",">p2 switch 5",">p1 move shadowball",">p2 move earthquake",">p1 switch 4",">p2 switch 5",">p1 move dragonclaw",">p2 switch 5",">p1 move dragonclaw",">p2 switch 4",">p1 switch 6",">p2 move shadowball",">p1 move willowisp",">p2 switch 3",">p1 move mysticalfire",">p2 move shadowball",">p1 switch 3",">p1 move stealthrock",">p2 move shadowball",">p1 move earthquake",">p2 move shadowball",">p1 switch 2",">p2 switch 5",">p1 switch 6",">p2 move tailwind",">p1 move fireblast",">p2 move defog",">p1 move fireblast",">p2 switch 4",">p1 move fireblast",">p2 move stealthrock",">p1 move dragonclaw",">p2 switch 5",">p1 move dragonclaw",">p2 move uturn",">p2 switch 3",">p1 move fireblast",">p2 move shadowball",">p1 switch 2",">p1 move earthquake",">p2 move shadowball",">p2 switch 6",">p1 move rapidspin",">p2 move fishiousrend",">p1 switch 4",">p1 move shadowball",">p2 move fishiousrend",">p1 switch 6",">p1 move gigadrain",">p2 move fishiousrend",">p1 switch 5",">p1 move protect",">p2 move fishiousrend",">p1 move iciclespear",">p2 move fishiousrend",">p2 switch 3",">p1 move protect",">p2 move shadowball",">p1 move iciclespear",">p2 move shadowball"],"log":["|j|\u2606122621","|j|\u2606121242","|player|p1|122621|preschooler|1178","|player|p2|121242|proton|1229","|teamsize|p1|6","|teamsize|p2|6","|gametype|singles","|gen|8","|tier|[Gen 8] OU","|rated|","|rule|Sleep Clause Mod: Limit one foe put to sleep","|rule|Species Clause: Limit one of each Pok\u00e9mon","|rule|OHKO Clause: OHKO moves are banned","|rule|Evasion Moves Clause: Evasion moves are banned","|rule|Endless Battle Clause: Forcing endless battles is banned","|rule|HP Percentage Mod: HP is shown in percentages","|clearpoke","|poke|p1|Ninetales, F|","|poke|p1|Vileplume, M|","|poke|p1|Dracozolt|","|poke|p1|Dragapult, M|","|poke|p1|Cloyster, F|","|poke|p1|Excadrill, M|","|poke|p2|Aegislash, M|","|poke|p2|Clefable, M|","|poke|p2|Corviknight, F|","|poke|p2|Dragapult, F|","|poke|p2|Seismitoad, F|","|poke|p2|Dracovish|","|rule|Dynamax Clause: You cannot dynamax","|teampreview","|","|start","|switch|p1a: Ninetales|Ninetales, F|349\/349","|switch|p2a: Dragapult|Dragapult, F|317\/317","|-weather|SunnyDay|[from] ability: Drought|[of] p1a: Ninetales","|turn|1","|","|switch|p1a: Excadrill|Excadrill, M|415\/415","|-ability|p1a: Excadrill|Mold Breaker","|move|p2a: Dragapult|Draco Meteor|p1a: Excadrill","|-resisted|p1a: Excadrill","|-damage|p1a: Excadrill|291\/415","|-unboost|p2a: Dragapult|spa|2","|","|-weather|SunnyDay|[upkeep]","|-heal|p1a: Excadrill|316\/415|[from] item: Leftovers","|upkeep","|turn|2","|","|switch|p2a: Corviknight|Corviknight, F|400\/400","|-ability|p2a: Corviknight|Pressure","|move|p1a: Excadrill|Stealth Rock|p2a: Corviknight","|-sidestart121242|move: Stealth Rock","|","|-weather|SunnyDay|[upkeep]","|-heal|p1a: Excadrill|341\/415|[from] item: Leftovers","|upkeep","|turn|3","|","|switch|p1a: Dracozolt|Dracozolt|321\/321","|move|p2a: Corviknight|Defog|p1a: Dracozolt","|-unboost|p1a: Dracozolt|evasion|1","|-sideend121242|Stealth Rock|[from] move: Defog|[of] p2a: Corviknight","|","|-weather|SunnyDay|[upkeep]","|upkeep","|turn|4","|","|switch|p1a: Dragapult|Dragapult, M|317\/317","|switch|p2a: Seismitoad|Seismitoad, F|414\/414","|","|-weather|SunnyDay|[upkeep]","|upkeep","|turn|5","|","|move|p1a: Dragapult|Shadow Ball|p2a: Seismitoad","|-damage|p2a: Seismitoad|174\/414","|-unboost|p2a: Seismitoad|spd|1","|move|p2a: Seismitoad|Earthquake|p1a: Dragapult","|-damage|p1a: Dragapult|181\/317","|","|-weather|SunnyDay|[upkeep]","|-heal|p2a: Seismitoad|199\/414|[from] item: Leftovers","|upkeep","|turn|6","|","|switch|p1a: Dracozolt|Dracozolt|321\/321","|switch|p2a: Corviknight|Corviknight, F|400\/400","|-ability|p2a: Corviknight|Pressure","|","|-weather|SunnyDay|[upkeep]","|upkeep","|turn|7","|","|switch|p2a: Seismitoad|Seismitoad, F|199\/414","|move|p1a: Dracozolt|Dragon Claw|p2a: Seismitoad","|-damage|p2a: Seismitoad|72\/414","|","|-weather|SunnyDay|[upkeep]","|-heal|p2a: Seismitoad|97\/414|[from] item: Leftovers","|upkeep","|turn|8","|","|switch|p2a: Aegislash|Aegislash, M|291\/291","|move|p1a: Dracozolt|Dragon Claw|p2a: Aegislash|[miss]","|-miss|p1a: Dracozolt|p2a: Aegislash","|","|-weather|none","|upkeep","|turn|9","|","|switch|p1a: Ninetales|Ninetales, F|349\/349","|-weather|SunnyDay|[from] ability: Drought|[of] p1a: Ninetales","|-formechange|p2a: Aegislash|Aegislash-Blade||[from] ability: Stance Change","|move|p2a: Aegislash|Shadow Ball|p1a: Ninetales","|-damage|p1a: Ninetales|106\/349","|","|-weather|SunnyDay|[upkeep]","|upkeep","|turn|10","|","|switch|p2a: Dragapult|Dragapult, F|317\/317","|move|p1a: Ninetales|Will-O-Wisp|p2a: Dragapult|[miss]","|-miss|p1a: Ninetales|p2a: Dragapult","|","|-weather|SunnyDay|[upkeep]","|upkeep","|turn|11","|","|move|p2a: Dragapult|Shadow Ball|p1a: Ninetales","|-damage|p1a: Ninetales|0 fnt","|faint|p1a: Ninetales","|","|-weather|SunnyDay|[upkeep]","|upkeep","|","|switch|p1a: Excadrill|Excadrill, M|341\/415","|-ability|p1a: Excadrill|Mold Breaker","|turn|12","|","|move|p2a: Dragapult|Shadow Ball|p1a: Excadrill","|-damage|p1a: Excadrill|184\/415","|move|p1a: Excadrill|Stealth Rock|p2a: Dragapult","|-sidestart121242|move: Stealth Rock","|","|-weather|SunnyDay|[upkeep]","|-heal|p1a: Excadrill|209\/415|[from] item: Leftovers","|upkeep","|turn|13","|","|move|p2a: Dragapult|Shadow Ball|p1a: Excadrill","|-damage|p1a: Excadrill|49\/415","|move|p1a: Excadrill|Earthquake|p2a: Dragapult","|-damage|p2a: Dragapult|115\/317","|","|-weather|SunnyDay|[upkeep]","|-heal|p1a: Excadrill|74\/415|[from] item: Leftovers","|upkeep","|turn|14","|","|switch|p2a: Corviknight|Corviknight, F|400\/400","|-damage|p2a: Corviknight|350\/400|[from] Stealth Rock","|-ability|p2a: Corviknight|Pressure","|switch|p1a: Vileplume|Vileplume, M|299\/299","|","|-weather|SunnyDay|[upkeep]","|-heal|p2a: Corviknight|375\/400|[from] item: Leftovers","|upkeep","|turn|15","|","|switch|p1a: Dracozolt|Dracozolt|321\/321","|move|p2a: Corviknight|Tailwind|p2a: Corviknight","|-sidestart121242|move: Tailwind","|","|-weather|SunnyDay|[upkeep]","|-heal|p2a: Corviknight|400\/400|[from] item: Leftovers","|upkeep","|turn|16","|","|move|p2a: Corviknight|Defog|p1a: Dracozolt","|-unboost|p1a: Dracozolt|evasion|1","|-sideend121242|Stealth Rock|[from] move: Defog|[of] p2a: Corviknight","|move|p1a: Dracozolt|Fire Blast|p2a: Corviknight|[miss]","|-miss|p1a: Dracozolt|p2a: Corviknight","|","|-weather|none","|upkeep","|turn|17","|","|switch|p2a: Seismitoad|Seismitoad, F|97\/414","|move|p1a: Dracozolt|Fire Blast|p2a: Seismitoad","|-resisted|p2a: Seismitoad","|-damage|p2a: Seismitoad|34\/414","|","|-heal|p2a: Seismitoad|59\/414|[from] item: Leftovers","|upkeep","|turn|18","|","|move|p2a: Seismitoad|Stealth Rock|p1a: Dracozolt","|-sidestart122621|move: Stealth Rock","|move|p1a: Dracozolt|Fire Blast|p2a: Seismitoad|[miss]","|-miss|p1a: Dracozolt|p2a: Seismitoad","|","|-heal|p2a: Seismitoad|84\/414|[from] item: Leftovers","|-sideend121242|move: Tailwind","|upkeep","|turn|19","|","|switch|p2a: Dragapult|Dragapult, F|115\/317","|move|p1a: Dracozolt|Dragon Claw|p2a: Dragapult|[miss]","|-miss|p1a: Dracozolt|p2a: Dragapult","|","|upkeep","|turn|20","|","|move|p2a: Dragapult|U-turn|p1a: Dracozolt","|-damage|p1a: Dracozolt|253\/321","|","|switch|p2a: Aegislash|Aegislash, M|291\/291","|move|p1a: Dracozolt|Dragon Claw|p2a: Aegislash","|-resisted|p2a: Aegislash","|-damage|p2a: Aegislash|229\/291","|","|upkeep","|turn|21","|","|move|p1a: Dracozolt|Fire Blast|p2a: Aegislash","|-supereffective|p2a: Aegislash","|-damage|p2a: Aegislash|97\/291","|-formechange|p2a: Aegislash|Aegislash-Blade||[from] ability: Stance Change","|move|p2a: Aegislash|Shadow Ball|p1a: Dracozolt","|-damage|p1a: Dracozolt|0 fnt","|faint|p1a: Dracozolt","|","|upkeep","|","|switch|p1a: Excadrill|Excadrill, M|74\/415","|-damage|p1a: Excadrill|62\/415|[from] Stealth Rock","|-ability|p1a: Excadrill|Mold Breaker","|turn|22","|","|move|p1a: Excadrill|Earthquake|p2a: Aegislash","|-supereffective|p2a: Aegislash","|-damage|p2a: Aegislash|0 fnt","|faint|p2a: Aegislash","|","|-heal|p1a: Excadrill|87\/415|[from] item: Leftovers","|upkeep","|","|switch|p2a: Dracovish|Dracovish|321\/321","|turn|23","|","|move|p2a: Dracovish|Fishious Rend|p1a: Excadrill","|-supereffective|p1a: Excadrill","|-damage|p1a: Excadrill|0 fnt","|faint|p1a: Excadrill","|","|upkeep","|","|switch|p1a: Dragapult|Dragapult, M|181\/317","|-damage|p1a: Dragapult|142\/317|[from] Stealth Rock","|turn|24","|","|move|p1a: Dragapult|Shadow Ball|p2a: Dracovish","|-damage|p2a: Dracovish|104\/321","|move|p2a: Dracovish|Fishious Rend|p1a: Dragapult","|-resisted|p1a: Dragapult","|-damage|p1a: Dragapult|0 fnt","|faint|p1a: Dragapult","|","|upkeep","|","|switch|p1a: Vileplume|Vileplume, M|299\/299","|-damage|p1a: Vileplume|262\/299|[from] Stealth Rock","|turn|25","|","|move|p2a: Dracovish|Fishious Rend|p1a: Vileplume","|-resisted|p1a: Vileplume","|-damage|p1a: Vileplume|0 fnt","|faint|p1a: Vileplume","|","|upkeep","|","|switch|p1a: Cloyster|Cloyster, F|304\/304","|-damage|p1a: Cloyster|228\/304|[from] Stealth Rock","|turn|26","|","|move|p1a: Cloyster|Protect|p1a: Cloyster","|-singleturn|p1a: Cloyster|Protect","|move|p2a: Dracovish|Fishious Rend|p1a: Cloyster","|-activate|p1a: Cloyster|move: Protect","|","|-heal|p1a: Cloyster|247\/304|[from] item: Leftovers","|upkeep","|turn|27","|","|move|p2a: Dracovish|Fishious Rend|p1a: Cloyster","|-resisted|p1a: Cloyster","|-damage|p1a: Cloyster|116\/304","|move|p1a: Cloyster|Icicle Spear|p2a: Dracovish","|-damage|p2a: Dracovish|70\/321","|-damage|p2a: Dracovish|39\/321","|-damage|p2a: Dracovish|8\/321","|-damage|p2a: Dracovish|0 fnt","|-hitcount|p2a: Dracovish|4","|faint|p2a: Dracovish","|","|-heal|p1a: Cloyster|135\/304|[from] item: Leftovers","|upkeep","|","|switch|p2a: Dragapult|Dragapult, F|115\/317","|turn|28","|","|move|p1a: Cloyster|Protect|p1a: Cloyster","|-singleturn|p1a: Cloyster|Protect","|move|p2a: Dragapult|Shadow Ball|p1a: Cloyster","|-activate|p1a: Cloyster|move: Protect","|","|-heal|p1a: Cloyster|154\/304|[from] item: Leftovers","|upkeep","|turn|29","|","|move|p2a: Dragapult|Shadow Ball|p1a: Cloyster","|-damage|p1a: Cloyster|0 fnt","|faint|p1a: Cloyster","|","|win|121242","|raw|122621's rating: 1178 &rarr; <strong>1156<\/strong><br \/>(-22 for losing)","|raw|121242's rating: 1229 &rarr; <strong>1250<\/strong><br \/>(+21 for winning)",""],"p1":"122621","p1rating":1178,"p1team":[{"ability":"drought","evs":{"atk":0,"def":0,"hp":248,"spa":8,"spd":0,"spe":252},"happiness":160,"item":"heatrock","ivs":{"atk":0,"def":31,"hp":31,"spa":31,"spd":31,"spe":31},"level":100,"moves":["encore","energyball","willowisp","mysticalfire"],"name":"Ninetales","nature":"Timid","species":"Ninetales"},{"ability":"chlorophyll","evs":{"atk":0,"def":0,"hp":32,"spa":252,"spd":0,"spe":224},"happiness":160,"item":"lifeorb","ivs":{"atk":0,"def":31,"hp":31,"spa":31,"spd":31,"spe":31},"level":100,"moves":["growth","sludgebomb","gigadrain","moonblast"],"name":"Vileplume","nature":"Timid","species":"Vileplume"},{"ability":"hustle","evs":{"atk":4,"def":0,"hp":0,"spa":252,"spd":0,"spe":252},"gender":"N","happiness":160,"item":"focussash","ivs":{"atk":31,"def":31,"hp":31,"spa":31,"spd":31,"spe":31},"level":100,"moves":["thunderbolt","boltbeak","fireblast","dragonclaw"],"name":"Dracozolt","nature":"Lonely","species":"Dracozolt"},{"ability":"infiltrator","evs":{"atk":0,"def":0,"hp":0,"spa":252,"spd":4,"spe":252},"happiness":160,"item":"choicespecs","ivs":{"atk":31,"def":31,"hp":31,"spa":31,"spd":31,"spe":31},"level":100,"moves":["shadowball","uturn","dracometeor","flamethrower"],"name":"Dragapult","nature":"Timid","species":"Dragapult"},{"ability":"skilllink","evs":{"atk":160,"def":0,"hp":252,"spa":0,"spd":96,"spe":0},"happiness":160,"item":"leftovers","ivs":{"atk":31,"def":31,"hp":31,"spa":31,"spd":31,"spe":31},"level":100,"moves":["iciclespear","rockblast","spikes","protect"],"name":"Cloyster","nature":"Impish","species":"Cloyster"},{"ability":"moldbreaker","evs":{"atk":0,"def":0,"hp":216,"spa":0,"spd":252,"spe":40},"happiness":160,"item":"leftovers","ivs":{"atk":31,"def":31,"hp":31,"spa":31,"spd":31,"spe":31},"level":100,"moves":["rapidspin","stealthrock","earthquake","ironhead"],"name":"Excadrill","nature":"Careful","species":"Excadrill"}],"p2":"121242","p2rating":1229,"p2team":[{"ability":"stancechange","evs":{"atk":0,"def":0,"hp":120,"spa":252,"spd":0,"spe":136},"happiness":160,"item":"choicespecs","ivs":{"atk":0,"def":31,"hp":31,"spa":31,"spd":31,"spe":31},"level":100,"moves":["shadowball","flashcannon","airslash","steelbeam"],"name":"Aegislash","nature":"Modest","species":"Aegislash"},{"ability":"magicguard","evs":{"atk":0,"def":0,"hp":252,"spa":252,"spd":4,"spe":0},"happiness":160,"item":"lifeorb","ivs":{"atk":0,"def":31,"hp":31,"spa":31,"spd":31,"spe":31},"level":100,"moves":["thunderbolt","moonblast","fireblast","wish"],"name":"Clefable","nature":"Modest","species":"Clefable"},{"ability":"pressure","evs":{"atk":0,"def":76,"hp":252,"spa":0,"spd":180,"spe":0},"happiness":160,"item":"leftovers","ivs":{"atk":31,"def":31,"hp":31,"spa":31,"spd":31,"spe":31},"level":100,"moves":["tailwind","roost","defog","uturn"],"name":"Corviknight","nature":"Impish","species":"Corviknight"},{"ability":"infiltrator","evs":{"atk":0,"def":0,"hp":0,"spa":252,"spd":4,"spe":252},"happiness":160,"item":"choicespecs","ivs":{"atk":31,"def":31,"hp":31,"spa":31,"spd":31,"spe":31},"level":100,"moves":["dracometeor","shadowball","fireblast","uturn"],"name":"Dragapult","nature":"Timid","species":"Dragapult"},{"ability":"waterabsorb","evs":{"atk":0,"def":252,"hp":252,"spa":0,"spd":4,"spe":0},"happiness":160,"item":"leftovers","ivs":{"atk":31,"def":31,"hp":31,"spa":31,"spd":31,"spe":31},"level":100,"moves":["scald","earthquake","stealthrock","raindance"],"name":"Seismitoad","nature":"Relaxed","species":"Seismitoad"},{"ability":"strongjaw","evs":{"atk":252,"def":4,"hp":0,"spa":0,"spd":0,"spe":252},"gender":"N","happiness":160,"item":"choiceband","ivs":{"atk":31,"def":31,"hp":31,"spa":31,"spd":31,"spe":31},"level":100,"moves":["fishiousrend","crunch","psychicfangs","outrage"],"name":"Dracovish","nature":"Jolly","species":"Dracovish"}],"roomid":1023047,"score":[0,4],"seed":[17392,12501,41345,59636],"timestamp":"Sat Dec 28 2019 06:XX","turns":29,"winner":"121242","rated_battle":true,"average_rating":1203}