{"endType":"forfeit","format":"gen8ou","inputLog":[">version aa9f8c6b9cf4eca780a1296832ecd3b0009641e0",">version-origin 5e8529faaa5905c5f8e15eafaaefa806ee8c7d06",">start {\"formatid\":\"gen8ou\",\"seed\":[17922,40100,5188,54244],\"rated\":\"Rated battle\"}",">player p1 {\"\"name\":\"85425\",\"rating\":1432}",">player p2 {\"\"name\":\"28439\",\"rating\":1488}",">p1 team 2, 1, 3, 4, 5, 6",">p2 team 6, 2, 3, 4, 5, 1",">p1 move stealthrock",">p2 move uturn",">p2 switch 2",">p1 move taunt",">p2 move uturn",">p2 switch 2",">p1 switch 4",">p1 move liquidation",">p2 move uturn",">p2 switch 4",">p1 switch 5",">p2 move stealthrock",">p1 move rapidspin",">p2 move toxic",">p1 switch 6",">p2 move stealthrock",">p1 move taunt",">p2 move scald"],"log":["|j|\u260685425","|j|\u260628439","|player|p1|85425|gentleman|1432","|player|p2|28439|ethan|1488","|teamsize|p1|6","|teamsize|p2|6","|gametype|singles","|gen|8","|tier|[Gen 8] OU","|rated|","|rule|Sleep Clause Mod: Limit one foe put to sleep","|rule|Species Clause: Limit one of each Pok\u00e9mon","|rule|OHKO Clause: OHKO moves are banned","|rule|Evasion Moves Clause: Evasion moves are banned","|rule|Endless Battle Clause: Forcing endless battles is banned","|rule|HP Percentage Mod: HP is shown in percentages","|clearpoke","|poke|p1|Polteageist|","|poke|p1|Mew|","|poke|p1|Frosmoth, F|","|poke|p1|Barraskewda, F|","|poke|p1|Hitmontop, M|","|poke|p1|Hawlucha, F|","|poke|p2|Aegislash, M|","|poke|p2|Mandibuzz, F|","|poke|p2|Rotom-Heat|","|poke|p2|Seismitoad, M|","|poke|p2|Grimmsnarl, M|","|poke|p2|Darmanitan-Galar, M|","|rule|Dynamax Clause: You cannot dynamax","|teampreview","|","|start","|switch|p1a: Mew|Mew|341\/341","|switch|p2a: Darmanitan|Darmanitan-Galar, M|351\/351","|turn|1","|","|move|p2a: Darmanitan|U-turn|p1a: Mew","|-supereffective|p1a: Mew","|-damage|p1a: Mew|59\/341","|","|switch|p2a: Mandibuzz|Mandibuzz, F, shiny|424\/424","|move|p1a: Mew|Stealth Rock|p2a: Mandibuzz","|-sidestart28439|move: Stealth Rock","|","|upkeep","|turn|2","|","|move|p1a: Mew|Taunt|p2a: Mandibuzz","|-start|p2a: Mandibuzz|move: Taunt","|move|p2a: Mandibuzz|U-turn|p1a: Mew","|-supereffective|p1a: Mew","|-damage|p1a: Mew|0 fnt","|faint|p1a: Mew","|","|switch|p2a: Darmanitan|Darmanitan-Galar, M|351\/351","|-damage|p2a: Darmanitan|264\/351|[from] Stealth Rock","|","|upkeep","|","|switch|p1a: Barraskewda|Barraskewda, F|263\/263","|turn|3","|","|move|p2a: Darmanitan|U-turn|p1a: Barraskewda","|-damage|p1a: Barraskewda|55\/263","|","|switch|p2a: Seismitoad|Seismitoad, M|414\/414","|-damage|p2a: Seismitoad|389\/414|[from] Stealth Rock","|move|p1a: Barraskewda|Liquidation|p2a: Seismitoad","|-heal|p2a: Seismitoad|414\/414|[from] ability: Water Absorb|[of] p1a: Barraskewda","|","|upkeep","|turn|4","|","|switch|p1a: Hitmontop|Hitmontop, M|241\/241","|-ability|p1a: Hitmontop|Intimidate|boost","|-unboost|p2a: Seismitoad|atk|1","|move|p2a: Seismitoad|Stealth Rock|p1a: Hitmontop","|-sidestart85425|move: Stealth Rock","|","|upkeep","|turn|5","|","|move|p1a: Hitmontop|Rapid Spin|p2a: Seismitoad","|-damage|p2a: Seismitoad|371\/414","|-sideend85425|Stealth Rock|[from] move: Rapid Spin|[of] p1a: Hitmontop","|-boost|p1a: Hitmontop|spe|1","|move|p2a: Seismitoad|Toxic|p1a: Hitmontop","|-status|p1a: Hitmontop|tox","|","|-heal|p2a: Seismitoad|396\/414|[from] item: Leftovers","|-damage|p1a: Hitmontop|226\/241 tox|[from] psn","|upkeep","|turn|6","|","|switch|p1a: Hawlucha|Hawlucha, F|297\/297","|move|p2a: Seismitoad|Stealth Rock|p1a: Hawlucha","|-sidestart85425|move: Stealth Rock","|","|-heal|p2a: Seismitoad|414\/414|[from] item: Leftovers","|upkeep","|turn|7","|","|move|p1a: Hawlucha|Taunt|p2a: Seismitoad","|-start|p2a: Seismitoad|move: Taunt","|move|p2a: Seismitoad|Scald|p1a: Hawlucha","|-damage|p1a: Hawlucha|170\/297","|","|upkeep","|turn|8","|-message|85425 forfeited.","|","|win|28439","|l|\u260685425","|raw|85425's rating: 1432 &rarr; <strong>1415<\/strong><br \/>(-17 for losing)","|raw|28439's rating: 1488 &rarr; <strong>1505<\/strong><br \/>(+17 for winning)",""],"p1":"85425","p1rating":1432,"p1team":[{"ability":"weakarmor","evs":{"atk":0,"def":0,"hp":0,"spa":252,"spd":4,"spe":252},"gender":"N","happiness":160,"item":"focussash","ivs":{"atk":0,"def":31,"hp":31,"spa":31,"spd":31,"spe":31},"level":100,"moves":["shellsmash","shadowball","storedpower","gigadrain"],"name":"Polteageist","nature":"Modest","species":"Polteageist"},{"ability":"synchronize","evs":{"atk":0,"def":0,"hp":0,"spa":252,"spd":4,"spe":252},"gender":"N","happiness":160,"item":"focussash","ivs":{"atk":31,"def":31,"hp":31,"spa":31,"spd":31,"spe":31},"level":100,"moves":["psychic","fireblast","taunt","stealthrock"],"name":"Mew","nature":"Timid","species":"Mew"},{"ability":"icescales","evs":{"atk":0,"def":0,"hp":0,"spa":252,"spd":4,"spe":252},"happiness":160,"item":"focussash","ivs":{"atk":0,"def":31,"hp":31,"spa":31,"spd":31,"spe":31},"level":100,"moves":["gigadrain","quiverdance","icebeam","bugbuzz"],"name":"Frosmoth","nature":"Modest","species":"Frosmoth"},{"ability":"propellertail","evs":{"atk":252,"def":0,"hp":0,"spa":0,"spd":0,"spe":252},"happiness":160,"item":"lifeorb","ivs":{"atk":31,"def":31,"hp":31,"spa":31,"spd":31,"spe":31},"level":100,"moves":["closecombat","poisonjab","psychicfangs","liquidation"],"name":"Barraskewda","nature":"Jolly","species":"Barraskewda"},{"ability":"intimidate","evs":{"atk":252,"def":4,"hp":0,"spa":0,"spd":0,"spe":252},"gender":"M","happiness":160,"item":"focussash","ivs":{"atk":31,"def":31,"hp":31,"spa":31,"spd":31,"spe":31},"level":100,"moves":["earthquake","suckerpunch","rapidspin","closecombat"],"name":"Hitmontop","nature":"Adamant","species":"Hitmontop"},{"ability":"unburden","evs":{"atk":252,"def":0,"hp":0,"spa":0,"spd":4,"spe":252},"happiness":160,"item":"focussash","ivs":{"atk":31,"def":31,"hp":31,"spa":31,"spd":31,"spe":31},"level":100,"moves":["taunt","swordsdance","closecombat","acrobatics"],"name":"Hawlucha","nature":"Adamant","species":"Hawlucha"}],"p2":"28439","p2rating":1488,"p2team":[{"ability":"stancechange","evs":{"atk":0,"def":4,"hp":248,"spa":252,"spd":4,"spe":0},"gender":"M","happiness":160,"item":"choicespecs","ivs":{"atk":31,"def":31,"hp":31,"spa":31,"spd":31,"spe":31},"level":100,"moves":["shadowball","flashcannon","steelbeam","closecombat"],"name":"Aegislash","nature":"Modest","shiny":true,"species":"Aegislash"},{"ability":"overcoat","evs":{"atk":0,"def":252,"hp":252,"spa":0,"spd":0,"spe":0},"gender":"F","happiness":160,"item":"heavydutyboots","ivs":{"atk":31,"def":31,"hp":31,"spa":31,"spd":31,"spe":0},"level":100,"moves":["foulplay","defog","uturn","roost"],"name":"Mandibuzz","nature":"Relaxed","shiny":true,"species":"Mandibuzz"},{"ability":"levitate","evs":{"atk":0,"def":128,"hp":252,"spa":0,"spd":128,"spe":0},"gender":"N","happiness":160,"item":"leftovers","ivs":{"atk":0,"def":31,"hp":31,"spa":31,"spd":31,"spe":31},"level":100,"moves":["discharge","overheat","darkpulse","nastyplot"],"name":"Rotom","nature":"Modest","species":"rotomheat"},{"ability":"waterabsorb","evs":{"atk":0,"def":252,"hp":252,"spa":0,"spd":4,"spe":0},"gender":"M","happiness":160,"item":"leftovers","ivs":{"atk":0,"def":31,"hp":31,"spa":31,"spd":31,"spe":31},"level":100,"moves":["stealthrock","toxic","scald","earthpower"],"name":"Seismitoad","nature":"Bold","species":"Seismitoad"},{"ability":"prankster","evs":{"atk":252,"def":4,"hp":252,"spa":0,"spd":0,"spe":0},"gender":"M","happiness":160,"item":"leftovers","ivs":{"atk":31,"def":31,"hp":31,"spa":31,"spd":31,"spe":31},"level":100,"moves":["suckerpunch","spiritbreak","substitute","bulkup"],"name":"Grimmsnarl","nature":"Adamant","species":"Grimmsnarl"},{"ability":"gorillatactics","evs":{"atk":252,"def":4,"hp":0,"spa":0,"spd":0,"spe":252},"happiness":160,"item":"choicescarf","ivs":{"atk":31,"def":31,"hp":31,"spa":31,"spd":31,"spe":31},"level":100,"moves":["iciclecrash","uturn","earthquake","flareblitz"],"name":"Darmanitan","nature":"Adamant","species":"darmanitangalar"}],"roomid":1022848,"score":[5,6],"seed":[17922,40100,5188,54244],"timestamp":"Sat Dec 28 2019 04:XX","turns":8,"winner":"28439","rated_battle":true,"average_rating":1460}