{"endType":"normal","format":"gen8ou","inputLog":[">version aa9f8c6b9cf4eca780a1296832ecd3b0009641e0",">version-origin 5e8529faaa5905c5f8e15eafaaefa806ee8c7d06",">start {\"formatid\":\"gen8ou\",\"seed\":[10046,56548,49304,14261],\"rated\":\"Rated battle\"}",">player p1 {\"\"name\":\"145425\",\"rating\":1207}",">player p2 {\"\"name\":\"121365\",\"rating\":1237}",">p1 team 3, 2, 1, 4, 5, 6",">p2 team 3, 2, 1, 4, 5, 6",">p1 move cottonspore",">p2 move shadowball",">p1 move sleeppowder",">p2 move shadowball",">p1 move spikes",">p2 switch 5",">p1 move sleeppowder",">p2 move earthquake",">p1 switch 6",">p1 move uturn",">p2 switch 4",">p1 switch 4",">p1 move ironhead",">p2 switch 6",">p1 switch 4",">p2 move irondefense",">p1 move dracometeor",">p2 switch 6",">p1 move shadowball",">p2 move thunderwave",">p1 move fireblast",">p2 switch 2",">p1 move uturn",">p2 move courtchange",">p1 switch 3",">p1 move waterfall",">p2 move uturn",">p2 switch 2",">p2 switch 4",">p1 move dragondance",">p2 move stoneedge",">p1 move waterfall",">p2 move stoneedge",">p1 switch 4",">p1 move earthquake",">p2 switch 6",">p1 move earthquake",">p2 move bodypress",">p2 switch 2",">p1 switch 3",">p2 move pyroball",">p1 move dracometeor",">p2 move suckerpunch",">p1 switch 5",">p1 move thunderbolt",">p2 switch 5",">p1 move moonblast",">p2 switch 3",">p1 move flamethrower",">p2 move quiverdance",">p1 move flamethrower",">p2 move icebeam",">p1 move flamethrower",">p2 move icebeam",">p2 switch 6",">p1 move moonblast",">p2 move earthquake",">p1 switch 3",">p1 move rapidspin",">p2 switch 3",">p1 switch 2",">p2 move shadowball",">p1 move aurawheel",">p2 move dracometeor",">p1 switch 2",">p1 move swordsdance",">p2 move dracometeor",">p1 move ironhead",">p2 move dracometeor",">p2 switch 5",">p1 move earthquake",">p2 move pyroball"],"log":["|j|\u2606145425","|j|\u2606121365","|player|p1|145425|gambler|1207","|player|p2|121365|1|1237","|teamsize|p1|6","|teamsize|p2|6","|gametype|singles","|gen|8","|tier|[Gen 8] OU","|rated|","|rule|Sleep Clause Mod: Limit one foe put to sleep","|rule|Species Clause: Limit one of each Pok\u00e9mon","|rule|OHKO Clause: OHKO moves are banned","|rule|Evasion Moves Clause: Evasion moves are banned","|rule|Endless Battle Clause: Forcing endless battles is banned","|rule|HP Percentage Mod: HP is shown in percentages","|clearpoke","|poke|p1|Gyarados, M|","|poke|p1|Morpeko, M|","|poke|p1|Roserade, M|","|poke|p1|Excadrill, F|","|poke|p1|Clefable, M|","|poke|p1|Dragapult, M|","|poke|p2|Frosmoth, F|","|poke|p2|Cinderace, M|","|poke|p2|Dragapult, M|","|poke|p2|Grimmsnarl, M|","|poke|p2|Dugtrio, M|","|poke|p2|Kommo-o, M|","|rule|Dynamax Clause: You cannot dynamax","|teampreview","|","|start","|switch|p1a: Roserade|Roserade, M|324\/324","|switch|p2a: Dragapult|Dragapult, M|317\/317","|turn|1","|","|move|p2a: Dragapult|Shadow Ball|p1a: Roserade","|-damage|p1a: Roserade|156\/324","|move|p1a: Roserade|Cotton Spore|p2a: Dragapult","|-unboost|p2a: Dragapult|spe|2","|","|upkeep","|turn|2","|","|move|p1a: Roserade|Sleep Powder|p2a: Dragapult","|-status|p2a: Dragapult|slp|[from] move: Sleep Powder","|cant|p2a: Dragapult|slp","|","|upkeep","|turn|3","|","|switch|p2a: Dugtrio|Dugtrio, M|211\/211","|move|p1a: Roserade|Spikes|p2a: Dugtrio","|-sidestart121365|Spikes","|","|upkeep","|turn|4","|","|move|p2a: Dugtrio|Earthquake|p1a: Roserade","|-damage|p1a: Roserade|0 fnt","|faint|p1a: Roserade","|","|upkeep","|","|switch|p1a: Dragapult|Dragapult, M|317\/317","|turn|5","|","|switch|p2a: Grimmsnarl|Grimmsnarl, M|394\/394","|-damage|p2a: Grimmsnarl|345\/394|[from] Spikes","|move|p1a: Dragapult|U-turn|p2a: Grimmsnarl","|-damage|p2a: Grimmsnarl|269\/394","|","|switch|p1a: Excadrill|Excadrill, F|361\/361","|-ability|p1a: Excadrill|Mold Breaker","|","|upkeep","|turn|6","|","|switch|p2a: Kommo-o|Kommo-o, M|354\/354","|-damage|p2a: Kommo-o|310\/354|[from] Spikes","|move|p1a: Excadrill|Iron Head|p2a: Kommo-o","|-damage|p2a: Kommo-o|217\/354","|","|-heal|p2a: Kommo-o|239\/354|[from] item: Leftovers","|upkeep","|turn|7","|","|switch|p1a: Dragapult|Dragapult, M|317\/317","|move|p2a: Kommo-o|Iron Defense|p2a: Kommo-o","|-boost|p2a: Kommo-o|def|2","|","|-heal|p2a: Kommo-o|261\/354|[from] item: Leftovers","|upkeep","|turn|8","|","|switch|p2a: Grimmsnarl|Grimmsnarl, M|269\/394","|-damage|p2a: Grimmsnarl|220\/394|[from] Spikes","|move|p1a: Dragapult|Draco Meteor|p2a: Grimmsnarl","|-immune|p2a: Grimmsnarl","|","|upkeep","|turn|9","|","|move|p2a: Grimmsnarl|Thunder Wave|p1a: Dragapult","|-status|p1a: Dragapult|par","|move|p1a: Dragapult|Shadow Ball|p2a: Grimmsnarl","|-resisted|p2a: Grimmsnarl","|-damage|p2a: Grimmsnarl|160\/394","|-unboost|p2a: Grimmsnarl|spd|1","|","|upkeep","|turn|10","|","|switch|p2a: Cinderace|Cinderace, M|301\/301","|move|p1a: Dragapult|Fire Blast|p2a: Cinderace","|-resisted|p2a: Cinderace","|-damage|p2a: Cinderace|238\/301","|","|upkeep","|turn|11","|","|move|p2a: Cinderace|Court Change|p2a: Cinderace","|-sideend121365|Spikes|[silent]","|-sidestart145425|Spikes|[silent]","|-activate|p2a: Cinderace|move: Court Change","|move|p1a: Dragapult|U-turn|p2a: Cinderace","|-resisted|p2a: Cinderace","|-damage|p2a: Cinderace|199\/301","|","|switch|p1a: Gyarados|Gyarados, M|331\/331","|-ability|p1a: Gyarados|Intimidate|boost","|-unboost|p2a: Cinderace|atk|1","|","|upkeep","|turn|12","|","|move|p2a: Cinderace|U-turn|p1a: Gyarados","|-resisted|p1a: Gyarados","|-damage|p1a: Gyarados|301\/331","|","|switch|p2a: Grimmsnarl|Grimmsnarl, M|160\/394","|move|p1a: Gyarados|Waterfall|p2a: Grimmsnarl","|-damage|p2a: Grimmsnarl|0 fnt","|faint|p2a: Grimmsnarl","|","|upkeep","|","|switch|p2a: Dugtrio|Dugtrio, M|211\/211","|turn|13","|","|move|p2a: Dugtrio|Stone Edge|p1a: Gyarados","|-supereffective|p1a: Gyarados","|-damage|p1a: Gyarados|51\/331","|move|p1a: Gyarados|Dragon Dance|p1a: Gyarados","|-boost|p1a: Gyarados|atk|1","|-boost|p1a: Gyarados|spe|1","|","|upkeep","|turn|14","|","|move|p2a: Dugtrio|Stone Edge|p1a: Gyarados","|-supereffective|p1a: Gyarados","|-damage|p1a: Gyarados|0 fnt","|faint|p1a: Gyarados","|","|upkeep","|","|switch|p1a: Excadrill|Excadrill, F|361\/361","|-damage|p1a: Excadrill|316\/361|[from] Spikes","|-ability|p1a: Excadrill|Mold Breaker","|turn|15","|","|switch|p2a: Kommo-o|Kommo-o, M|261\/354","|move|p1a: Excadrill|Earthquake|p2a: Kommo-o","|-crit|p2a: Kommo-o","|-damage|p2a: Kommo-o|83\/354","|","|-heal|p1a: Excadrill|338\/361|[from] item: Leftovers","|-heal|p2a: Kommo-o|105\/354|[from] item: Leftovers","|upkeep","|turn|16","|","|move|p1a: Excadrill|Earthquake|p2a: Kommo-o","|-damage|p2a: Kommo-o|0 fnt","|faint|p2a: Kommo-o","|","|-heal|p1a: Excadrill|360\/361|[from] item: Leftovers","|upkeep","|","|switch|p2a: Cinderace|Cinderace, M|199\/301","|turn|17","|","|switch|p1a: Dragapult|Dragapult, M|317\/317 par","|-damage|p1a: Dragapult|278\/317 par|[from] Spikes","|move|p2a: Cinderace|Pyro Ball|p1a: Dragapult","|-resisted|p1a: Dragapult","|-damage|p1a: Dragapult|164\/317 par","|","|upkeep","|turn|18","|","|move|p2a: Cinderace|Sucker Punch|p1a: Dragapult","|-supereffective|p1a: Dragapult","|-damage|p1a: Dragapult|0 fnt","|faint|p1a: Dragapult","|","|upkeep","|","|switch|p1a: Clefable|Clefable, M|380\/380","|turn|19","|","|switch|p2a: Dragapult|Dragapult, M|317\/317 slp","|move|p1a: Clefable|Thunderbolt|p2a: Dragapult","|-resisted|p2a: Dragapult","|-damage|p2a: Dragapult|235\/317 slp","|","|upkeep","|turn|20","|","|switch|p2a: Frosmoth|Frosmoth, F|308\/308","|move|p1a: Clefable|Moonblast|p2a: Frosmoth","|-damage|p2a: Frosmoth|226\/308","|-unboost|p2a: Frosmoth|spa|1","|","|-heal|p2a: Frosmoth|245\/308|[from] item: Leftovers","|upkeep","|turn|21","|","|move|p2a: Frosmoth|Quiver Dance|p2a: Frosmoth","|-boost|p2a: Frosmoth|spa|1","|-boost|p2a: Frosmoth|spd|1","|-boost|p2a: Frosmoth|spe|1","|move|p1a: Clefable|Flamethrower|p2a: Frosmoth","|-supereffective|p2a: Frosmoth","|-damage|p2a: Frosmoth|110\/308","|","|-heal|p2a: Frosmoth|129\/308|[from] item: Leftovers","|upkeep","|turn|22","|","|move|p2a: Frosmoth|Ice Beam|p1a: Clefable","|-damage|p1a: Clefable|248\/380","|move|p1a: Clefable|Flamethrower|p2a: Frosmoth","|-supereffective|p2a: Frosmoth","|-damage|p2a: Frosmoth|4\/308","|","|-heal|p2a: Frosmoth|23\/308|[from] item: Leftovers","|upkeep","|turn|23","|","|move|p2a: Frosmoth|Ice Beam|p1a: Clefable","|-damage|p1a: Clefable|100\/380","|move|p1a: Clefable|Flamethrower|p2a: Frosmoth","|-supereffective|p2a: Frosmoth","|-damage|p2a: Frosmoth|0 fnt","|faint|p2a: Frosmoth","|","|upkeep","|","|switch|p2a: Dugtrio|Dugtrio, M|211\/211","|turn|24","|","|move|p2a: Dugtrio|Earthquake|p1a: Clefable","|-damage|p1a: Clefable|0 fnt","|faint|p1a: Clefable","|","|upkeep","|","|switch|p1a: Excadrill|Excadrill, F|360\/361","|-damage|p1a: Excadrill|315\/361|[from] Spikes","|-ability|p1a: Excadrill|Mold Breaker","|turn|25","|","|switch|p2a: Dragapult|Dragapult, M|235\/317 slp","|move|p1a: Excadrill|Rapid Spin|p2a: Dragapult","|-immune|p2a: Dragapult","|","|-heal|p1a: Excadrill|337\/361|[from] item: Leftovers","|upkeep","|turn|26","|","|switch|p1a: Morpeko|Morpeko, M|257\/257","|-damage|p1a: Morpeko|225\/257|[from] Spikes","|cant|p2a: Dragapult|slp","|","|-formechange|p1a: Morpeko|Morpeko-Hangry||[from] ability: Hunger Switch","|upkeep","|turn|27","|","|-curestatus|p2a: Dragapult|slp|[msg]","|move|p2a: Dragapult|Draco Meteor|p1a: Morpeko","|-damage|p1a: Morpeko|0 fnt","|-unboost|p2a: Dragapult|spa|2","|faint|p1a: Morpeko","|","|upkeep","|","|switch|p1a: Excadrill|Excadrill, F|337\/361","|-damage|p1a: Excadrill|292\/361|[from] Spikes","|-ability|p1a: Excadrill|Mold Breaker","|turn|28","|","|move|p2a: Dragapult|Draco Meteor|p1a: Excadrill","|-resisted|p1a: Excadrill","|-damage|p1a: Excadrill|191\/361","|-unboost|p2a: Dragapult|spa|2","|move|p1a: Excadrill|Swords Dance|p1a: Excadrill","|-boost|p1a: Excadrill|atk|2","|","|-heal|p1a: Excadrill|213\/361|[from] item: Leftovers","|upkeep","|turn|29","|","|move|p2a: Dragapult|Draco Meteor|p1a: Excadrill","|-resisted|p1a: Excadrill","|-damage|p1a: Excadrill|148\/361","|-unboost|p2a: Dragapult|spa|2","|move|p1a: Excadrill|Iron Head|p2a: Dragapult","|-damage|p2a: Dragapult|0 fnt","|-start|p1a: Excadrill|Disable|Iron Head|[from] ability: Cursed Body|[of] p2a: Dragapult","|faint|p2a: Dragapult","|","|-heal|p1a: Excadrill|170\/361|[from] item: Leftovers","|upkeep","|","|switch|p2a: Cinderace|Cinderace, M|199\/301","|turn|30","|","|move|p2a: Cinderace|Pyro Ball|p1a: Excadrill","|-supereffective|p1a: Excadrill","|-damage|p1a: Excadrill|0 fnt","|faint|p1a: Excadrill","|","|win|121365","|l|\u2606121365","|l|\u2606145425","|raw|145425's rating: 1207 &rarr; <strong>1184<\/strong><br \/>(-23 for losing)","|raw|121365's rating: 1237 &rarr; <strong>1260<\/strong><br \/>(+23 for winning)",""],"p1":"145425","p1rating":1207,"p1team":[{"ability":"intimidate","evs":{"atk":252,"def":0,"hp":0,"spa":0,"spd":4,"spe":252},"happiness":160,"item":"wacanberry","ivs":{"atk":31,"def":31,"hp":31,"spa":31,"spd":31,"spe":31},"level":100,"moves":["dragondance","waterfall","powerwhip","bounce"],"name":"Gyarados","nature":"Jolly","species":"Gyarados"},{"ability":"hungerswitch","evs":{"atk":252,"def":0,"hp":0,"spa":0,"spd":4,"spe":252},"happiness":160,"item":"choiceband","ivs":{"atk":31,"def":31,"hp":31,"spa":31,"spd":31,"spe":31},"level":100,"moves":["aurawheel","crunch","brickbreak","firefang"],"name":"Morpeko","nature":"Adamant","species":"Morpeko"},{"ability":"poisonpoint","evs":{"atk":0,"def":0,"hp":252,"spa":4,"spd":0,"spe":252},"happiness":160,"item":"focussash","ivs":{"atk":0,"def":31,"hp":31,"spa":31,"spd":31,"spe":31},"level":100,"moves":["sleeppowder","spikes","cottonspore","leafstorm"],"name":"Roserade","nature":"Timid","species":"Roserade"},{"ability":"moldbreaker","evs":{"atk":252,"def":0,"hp":0,"spa":0,"spd":4,"spe":252},"happiness":160,"item":"leftovers","ivs":{"atk":31,"def":31,"hp":31,"spa":31,"spd":31,"spe":31},"level":100,"moves":["swordsdance","rapidspin","earthquake","ironhead"],"name":"Excadrill","nature":"Jolly","species":"Excadrill"},{"ability":"magicguard","evs":{"atk":0,"def":0,"hp":196,"spa":252,"spd":0,"spe":60},"happiness":160,"item":"lifeorb","ivs":{"atk":0,"def":31,"hp":31,"spa":31,"spd":31,"spe":31},"level":100,"moves":["moonblast","flamethrower","thunderbolt","stealthrock"],"name":"Clefable","nature":"Modest","species":"Clefable"},{"ability":"infiltrator","evs":{"atk":0,"def":0,"hp":0,"spa":252,"spd":4,"spe":252},"happiness":160,"item":"expertbelt","ivs":{"atk":31,"def":31,"hp":31,"spa":31,"spd":31,"spe":31},"level":100,"moves":["dracometeor","shadowball","fireblast","uturn"],"name":"Dragapult","nature":"Timid","species":"Dragapult"}],"p2":"121365","p2rating":1237,"p2team":[{"ability":"icescales","evs":{"atk":0,"def":0,"hp":108,"spa":0,"spd":252,"spe":148},"happiness":160,"item":"leftovers","ivs":{"atk":0,"def":31,"hp":31,"spa":31,"spd":31,"spe":31},"level":100,"moves":["substitute","quiverdance","bugbuzz","icebeam"],"name":"Frosmoth","nature":"Calm","species":"Frosmoth"},{"ability":"blaze","evs":{"atk":252,"def":0,"hp":0,"spa":0,"spd":4,"spe":252},"happiness":160,"item":"heavydutyboots","ivs":{"atk":31,"def":31,"hp":31,"spa":31,"spd":31,"spe":31},"level":100,"moves":["pyroball","uturn","courtchange","suckerpunch"],"name":"Cinderace","nature":"Jolly","species":"Cinderace"},{"ability":"cursedbody","evs":{"atk":0,"def":0,"hp":0,"spa":252,"spd":4,"spe":252},"happiness":160,"item":"choicespecs","ivs":{"atk":31,"def":31,"hp":31,"spa":31,"spd":31,"spe":31},"level":100,"moves":["dracometeor","shadowball","thunder","uturn"],"name":"Dragapult","nature":"Timid","species":"Dragapult"},{"ability":"prankster","evs":{"atk":4,"def":84,"hp":252,"spa":0,"spd":168,"spe":0},"gender":"M","happiness":160,"item":"lightclay","ivs":{"atk":31,"def":31,"hp":31,"spa":31,"spd":31,"spe":31},"level":100,"moves":["lightscreen","reflect","suckerpunch","thunderwave"],"name":"Grimmsnarl","nature":"Careful","species":"Grimmsnarl"},{"ability":"arenatrap","evs":{"atk":252,"def":0,"hp":0,"spa":0,"spd":4,"spe":252},"happiness":160,"item":"choicescarf","ivs":{"atk":31,"def":31,"hp":31,"spa":31,"spd":31,"spe":31},"level":100,"moves":["rockslide","earthquake","memento","stoneedge"],"name":"Dugtrio","nature":"Adamant","species":"Dugtrio"},{"ability":"soundproof","evs":{"atk":0,"def":252,"hp":252,"spa":0,"spd":0,"spe":4},"happiness":160,"item":"leftovers","ivs":{"atk":31,"def":31,"hp":31,"spa":31,"spd":31,"spe":31},"level":100,"moves":["stealthrock","bodypress","irondefense","dragontail"],"name":"Kommo-o","nature":"Impish","species":"Kommo-o"}],"roomid":1018404,"score":[0,2],"seed":[10046,56548,49304,14261],"timestamp":"Sat Dec 28 2019 22:XX","turns":30,"winner":"121365","rated_battle":true,"average_rating":1222}