{"endType":"normal","format":"gen8ou","inputLog":[">version aa9f8c6b9cf4eca780a1296832ecd3b0009641e0",">version-origin 5e8529faaa5905c5f8e15eafaaefa806ee8c7d06",">start {\"formatid\":\"gen8ou\",\"seed\":[23732,5015,60696,9304],\"rated\":\"Rated battle\"}",">player p1 {\"\"name\":\"15830\",\"rating\":1196}",">player p2 {\"\"name\":\"122716\",\"rating\":1205}",">p1 team 6, 2, 3, 4, 5, 1",">p2 team 4, 2, 3, 1, 5, 6",">p1 switch 6",">p2 move rapidspin",">p1 move fishiousrend",">p2 switch 6",">p1 switch 6",">p2 move stealthrock",">p1 move energyball",">p2 switch 6",">p1 move stunspore",">p2 move rapidspin",">p1 switch 6",">p2 move rapidspin",">p1 move earthquake",">p2 move earthquake",">p2 switch 3",">p1 move earthquake",">p2 move shadowball",">p1 switch 3",">p1 move iciclecrash",">p2 switch 6",">p1 switch 6",">p2 move protect",">p1 move stickyweb",">p2 move scald",">p1 switch 4",">p1 move nastyplot",">p2 move toxic",">p1 move darkpulse",">p2 move protect",">p1 move darkpulse",">p2 move protect",">p1 move darkpulse",">p2 switch 5",">p1 move flashcannon",">p2 move roost",">p1 switch 2",">p1 move nastyplot",">p2 move toxic",">p1 move dazzlinggleam",">p2 move roost",">p2 switch 5",">p1 move airslash",">p2 move protect",">p1 move airslash",">p2 move protect",">p1 move airslash",">p2 move protect",">p1 move airslash",">p2 move scald",">p1 switch 6",">p2 switch 4",">p1 move iciclecrash",">p2 move moonblast",">p1 switch 5",">p1 move swordsdance",">p2 move moonblast",">p1 move playrough",">p2 move moonblast",">p2 switch 2",">p1 move drainpunch",">p2 move icepunch",">p2 switch 6",">p1 move shadowclaw",">p2 move shadowball"],"log":["|j|\u260615830","|j|\u2606122716","|player|p1|15830|1|1196","|player|p2|122716|shadowtriad|1205","|teamsize|p1|6","|teamsize|p2|6","|gametype|singles","|gen|8","|tier|[Gen 8] OU","|rated|","|rule|Sleep Clause Mod: Limit one foe put to sleep","|rule|Species Clause: Limit one of each Pok\u00e9mon","|rule|OHKO Clause: OHKO moves are banned","|rule|Evasion Moves Clause: Evasion moves are banned","|rule|Endless Battle Clause: Forcing endless battles is banned","|rule|HP Percentage Mod: HP is shown in percentages","|clearpoke","|poke|p1|Dracovish|","|poke|p1|Togekiss, F|","|poke|p1|Arctozolt|","|poke|p1|Hydreigon, M|","|poke|p1|Mimikyu, M|","|poke|p1|Ribombee, M|","|poke|p2|Clefable, F|","|poke|p2|Darmanitan-Galar, F|","|poke|p2|Dragapult, F|","|poke|p2|Excadrill, M|","|poke|p2|Mandibuzz, F|","|poke|p2|Seismitoad, F|","|rule|Dynamax Clause: You cannot dynamax","|teampreview","|","|start","|switch|p1a: Ribombee|Ribombee, M|261\/261","|switch|p2a: Excadrill|Excadrill, M|362\/362","|-ability|p2a: Excadrill|Mold Breaker","|turn|1","|","|switch|p1a: Dracovish|Dracovish|383\/383","|move|p2a: Excadrill|Rapid Spin|p1a: Dracovish","|-damage|p1a: Dracovish|327\/383","|-boost|p2a: Excadrill|spe|1","|","|upkeep","|turn|2","|","|switch|p2a: Seismitoad|Seismitoad, F|414\/414","|move|p1a: Dracovish|Fishious Rend|p2a: Seismitoad","|-immune|p2a: Seismitoad|[from] ability: Water Absorb","|","|upkeep","|turn|3","|","|switch|p1a: Ribombee|Ribombee, M|261\/261","|move|p2a: Seismitoad|Stealth Rock|p1a: Ribombee","|-sidestart15830|move: Stealth Rock","|","|upkeep","|turn|4","|","|switch|p2a: Excadrill|Excadrill, M|362\/362","|-ability|p2a: Excadrill|Mold Breaker","|move|p1a: Ribombee|Energy Ball|p2a: Excadrill","|-damage|p2a: Excadrill|207\/362","|-damage|p1a: Ribombee|235\/261|[from] item: Life Orb","|","|-heal|p2a: Excadrill|229\/362|[from] item: Leftovers","|upkeep","|turn|5","|","|move|p1a: Ribombee|Stun Spore|p2a: Excadrill","|-status|p2a: Excadrill|par","|move|p2a: Excadrill|Rapid Spin|p1a: Ribombee","|-damage|p1a: Ribombee|134\/261","|-boost|p2a: Excadrill|spe|1","|","|-heal|p2a: Excadrill|251\/362 par|[from] item: Leftovers","|upkeep","|turn|6","|","|switch|p1a: Dracovish|Dracovish|327\/383","|-damage|p1a: Dracovish|280\/383|[from] Stealth Rock","|move|p2a: Excadrill|Rapid Spin|p1a: Dracovish","|-damage|p1a: Dracovish|213\/383","|-boost|p2a: Excadrill|spe|1","|","|-heal|p2a: Excadrill|273\/362 par|[from] item: Leftovers","|upkeep","|turn|7","|","|move|p2a: Excadrill|Earthquake|p1a: Dracovish","|-damage|p1a: Dracovish|18\/383","|move|p1a: Dracovish|Earthquake|p2a: Excadrill","|-supereffective|p2a: Excadrill","|-damage|p2a: Excadrill|0 fnt","|faint|p2a: Excadrill","|","|upkeep","|","|switch|p2a: Dragapult|Dragapult, F|341\/341","|turn|8","|","|move|p2a: Dragapult|Shadow Ball|p1a: Dracovish","|-damage|p1a: Dracovish|0 fnt","|faint|p1a: Dracovish","|","|upkeep","|","|switch|p1a: Arctozolt|Arctozolt|383\/383","|-damage|p1a: Arctozolt|288\/383|[from] Stealth Rock","|turn|9","|","|switch|p2a: Seismitoad|Seismitoad, F|414\/414","|move|p1a: Arctozolt|Icicle Crash|p2a: Seismitoad","|-damage|p2a: Seismitoad|265\/414","|-damage|p1a: Arctozolt|250\/383|[from] item: Life Orb","|","|-heal|p2a: Seismitoad|290\/414|[from] item: Leftovers","|upkeep","|turn|10","|","|switch|p1a: Ribombee|Ribombee, M|134\/261","|-damage|p1a: Ribombee|69\/261|[from] Stealth Rock","|move|p2a: Seismitoad|Protect||[still]","|-fail|p2a: Seismitoad","|","|-heal|p2a: Seismitoad|315\/414|[from] item: Leftovers","|upkeep","|turn|11","|","|move|p1a: Ribombee|Sticky Web|p2a: Seismitoad","|-sidestart122716|move: Sticky Web","|move|p2a: Seismitoad|Scald|p1a: Ribombee","|-damage|p1a: Ribombee|0 fnt","|faint|p1a: Ribombee","|","|-heal|p2a: Seismitoad|340\/414|[from] item: Leftovers","|upkeep","|","|switch|p1a: Hydreigon|Hydreigon, M|325\/325","|-damage|p1a: Hydreigon|285\/325|[from] Stealth Rock","|turn|12","|","|move|p1a: Hydreigon|Nasty Plot|p1a: Hydreigon","|-boost|p1a: Hydreigon|spa|2","|move|p2a: Seismitoad|Toxic|p1a: Hydreigon","|-status|p1a: Hydreigon|tox","|","|-heal|p2a: Seismitoad|365\/414|[from] item: Leftovers","|-damage|p1a: Hydreigon|265\/325 tox|[from] psn","|upkeep","|turn|13","|","|move|p2a: Seismitoad|Protect|p2a: Seismitoad","|-singleturn|p2a: Seismitoad|Protect","|move|p1a: Hydreigon|Dark Pulse|p2a: Seismitoad","|-activate|p2a: Seismitoad|move: Protect","|","|-heal|p2a: Seismitoad|390\/414|[from] item: Leftovers","|-damage|p1a: Hydreigon|225\/325 tox|[from] psn","|upkeep","|turn|14","|","|move|p2a: Seismitoad|Protect|p2a: Seismitoad","|-singleturn|p2a: Seismitoad|Protect","|move|p1a: Hydreigon|Dark Pulse|p2a: Seismitoad","|-activate|p2a: Seismitoad|move: Protect","|","|-heal|p2a: Seismitoad|414\/414|[from] item: Leftovers","|-damage|p1a: Hydreigon|165\/325 tox|[from] psn","|upkeep","|turn|15","|","|switch|p2a: Mandibuzz|Mandibuzz, F|424\/424","|move|p1a: Hydreigon|Dark Pulse|p2a: Mandibuzz","|-resisted|p2a: Mandibuzz","|-damage|p2a: Mandibuzz|324\/424","|","|-damage|p1a: Hydreigon|85\/325 tox|[from] psn","|upkeep","|turn|16","|","|move|p1a: Hydreigon|Flash Cannon|p2a: Mandibuzz","|-damage|p2a: Mandibuzz|180\/424","|move|p2a: Mandibuzz|Roost|p2a: Mandibuzz","|-heal|p2a: Mandibuzz|392\/424","|-singleturn|p2a: Mandibuzz|move: Roost","|","|-damage|p1a: Hydreigon|0 fnt|[from] psn","|faint|p1a: Hydreigon","|upkeep","|","|switch|p1a: Togekiss|Togekiss, F|374\/374","|-damage|p1a: Togekiss|281\/374|[from] Stealth Rock","|turn|17","|","|move|p1a: Togekiss|Nasty Plot|p1a: Togekiss","|-boost|p1a: Togekiss|spa|2","|move|p2a: Mandibuzz|Toxic|p1a: Togekiss","|-status|p1a: Togekiss|tox","|","|-damage|p1a: Togekiss|258\/374 tox|[from] psn","|upkeep","|turn|18","|","|move|p1a: Togekiss|Dazzling Gleam|p2a: Mandibuzz","|-supereffective|p2a: Mandibuzz","|-damage|p2a: Mandibuzz|0 fnt","|faint|p2a: Mandibuzz","|","|-damage|p1a: Togekiss|212\/374 tox|[from] psn","|upkeep","|","|switch|p2a: Seismitoad|Seismitoad, F|414\/414","|-activate|p2a: Seismitoad|move: Sticky Web","|-unboost|p2a: Seismitoad|spe|1","|turn|19","|","|move|p2a: Seismitoad|Protect|p2a: Seismitoad","|-singleturn|p2a: Seismitoad|Protect","|move|p1a: Togekiss|Air Slash|p2a: Seismitoad","|-activate|p2a: Seismitoad|move: Protect","|","|-damage|p1a: Togekiss|143\/374 tox|[from] psn","|upkeep","|turn|20","|","|move|p2a: Seismitoad|Protect||[still]","|-fail|p2a: Seismitoad","|move|p1a: Togekiss|Air Slash|p2a: Seismitoad","|-damage|p2a: Seismitoad|45\/414","|","|-heal|p2a: Seismitoad|70\/414|[from] item: Leftovers","|-damage|p1a: Togekiss|51\/374 tox|[from] psn","|upkeep","|-enditem|p1a: Togekiss|Iapapa Berry|[eat]","|-heal|p1a: Togekiss|174\/374 tox|[from] item: Iapapa Berry","|turn|21","|","|move|p2a: Seismitoad|Protect|p2a: Seismitoad","|-singleturn|p2a: Seismitoad|Protect","|move|p1a: Togekiss|Air Slash|p2a: Seismitoad","|-activate|p2a: Seismitoad|move: Protect","|","|-heal|p2a: Seismitoad|95\/414|[from] item: Leftovers","|-damage|p1a: Togekiss|59\/374 tox|[from] psn","|upkeep","|turn|22","|","|move|p1a: Togekiss|Air Slash|p2a: Seismitoad","|-damage|p2a: Seismitoad|0 fnt","|faint|p2a: Seismitoad","|","|-damage|p1a: Togekiss|0 fnt|[from] psn","|faint|p1a: Togekiss","|upkeep","|","|switch|p1a: Arctozolt|Arctozolt|250\/383","|switch|p2a: Clefable|Clefable, F|380\/380","|-activate|p2a: Clefable|move: Sticky Web","|-unboost|p2a: Clefable|spe|1","|-damage|p1a: Arctozolt|155\/383|[from] Stealth Rock","|turn|23","|","|move|p1a: Arctozolt|Icicle Crash|p2a: Clefable|[miss]","|-miss|p1a: Arctozolt|p2a: Clefable","|move|p2a: Clefable|Moonblast|p1a: Arctozolt","|-damage|p1a: Arctozolt|0 fnt","|faint|p1a: Arctozolt","|","|upkeep","|","|switch|p1a: Mimikyu|Mimikyu, M|251\/251","|-damage|p1a: Mimikyu|220\/251|[from] Stealth Rock","|turn|24","|","|move|p1a: Mimikyu|Swords Dance|p1a: Mimikyu","|-boost|p1a: Mimikyu|atk|2","|move|p2a: Clefable|Moonblast|p1a: Mimikyu","|-activate|p1a: Mimikyu|ability: Disguise","|-damage|p1a: Mimikyu|220\/251","|detailschange|p1a: Mimikyu|Mimikyu-Busted, M","|-damage|p1a: Mimikyu|189\/251|[from] ability: Disguise|[of] p1a: Mimikyu","|","|upkeep","|turn|25","|","|move|p1a: Mimikyu|Play Rough|p2a: Clefable","|-damage|p2a: Clefable|0 fnt","|-damage|p1a: Mimikyu|164\/251|[from] item: Life Orb","|faint|p2a: Clefable","|","|upkeep","|","|switch|p2a: Darmanitan|Darmanitan-Galar, F|352\/352","|-activate|p2a: Darmanitan|move: Sticky Web","|-unboost|p2a: Darmanitan|spe|1","|turn|26","|","|move|p1a: Mimikyu|Drain Punch|p2a: Darmanitan","|-supereffective|p2a: Darmanitan","|-damage|p2a: Darmanitan|0 fnt","|-heal|p1a: Mimikyu|251\/251|[from] drain|[of] p2a: Darmanitan","|-damage|p1a: Mimikyu|226\/251|[from] item: Life Orb","|faint|p2a: Darmanitan","|","|upkeep","|","|switch|p2a: Dragapult|Dragapult, F|341\/341","|-activate|p2a: Dragapult|move: Sticky Web","|-unboost|p2a: Dragapult|spe|1","|turn|27","|","|move|p2a: Dragapult|Shadow Ball|p1a: Mimikyu","|-supereffective|p1a: Mimikyu","|-damage|p1a: Mimikyu|0 fnt","|faint|p1a: Mimikyu","|","|win|122716","|l|\u260615830","|l|\u2606122716","|raw|15830's rating: 1197 &rarr; <strong>1173<\/strong><br \/>(-24 for losing)","|raw|122716's rating: 1205 &rarr; <strong>1229<\/strong><br \/>(+24 for winning)",""],"p1":"15830","p1rating":1196,"p1team":[{"ability":"strongjaw","evs":{"atk":252,"def":0,"hp":248,"spa":0,"spd":8,"spe":0},"gender":"N","happiness":160,"item":"choicescarf","ivs":{"atk":31,"def":31,"hp":31,"spa":31,"spd":31,"spe":31},"level":100,"moves":["fishiousrend","earthquake","outrage","lowkick"],"name":"Dracovish","nature":"Adamant","species":"Dracovish"},{"ability":"serenegrace","evs":{"atk":0,"def":0,"hp":252,"spa":252,"spd":4,"spe":0},"happiness":160,"item":"iapapaberry","ivs":{"atk":0,"def":31,"hp":31,"spa":31,"spd":31,"spe":31},"level":100,"moves":["nastyplot","flamethrower","dazzlinggleam","airslash"],"name":"Togekiss","nature":"Modest","species":"Togekiss"},{"ability":"voltabsorb","evs":{"atk":252,"def":0,"hp":248,"spa":0,"spd":8,"spe":0},"gender":"N","happiness":160,"item":"lifeorb","ivs":{"atk":31,"def":31,"hp":31,"spa":31,"spd":31,"spe":31},"level":100,"moves":["boltbeak","iciclecrash","lowkick","stompingtantrum"],"name":"Arctozolt","nature":"Adamant","species":"Arctozolt"},{"ability":"levitate","evs":{"atk":0,"def":0,"hp":0,"spa":252,"spd":4,"spe":252},"happiness":160,"item":"iapapaberry","ivs":{"atk":0,"def":31,"hp":31,"spa":31,"spd":31,"spe":31},"level":100,"moves":["darkpulse","nastyplot","flamethrower","flashcannon"],"name":"Hydreigon","nature":"Timid","species":"Hydreigon"},{"ability":"disguise","evs":{"atk":252,"def":0,"hp":0,"spa":0,"spd":4,"spe":252},"happiness":160,"item":"lifeorb","ivs":{"atk":31,"def":31,"hp":31,"spa":31,"spd":31,"spe":31},"level":100,"moves":["drainpunch","swordsdance","playrough","shadowclaw"],"name":"Mimikyu","nature":"Jolly","species":"Mimikyu"},{"ability":"shielddust","evs":{"atk":0,"def":0,"hp":0,"spa":252,"spd":4,"spe":252},"happiness":160,"item":"lifeorb","ivs":{"atk":0,"def":31,"hp":31,"spa":31,"spd":31,"spe":31},"level":100,"moves":["stickyweb","stunspore","energyball","moonblast"],"name":"Ribombee","nature":"Timid","species":"Ribombee"}],"p2":"122716","p2rating":1205,"p2team":[{"ability":"magicguard","evs":{"atk":0,"def":0,"hp":196,"spa":252,"spd":0,"spe":60},"happiness":160,"item":"lifeorb","ivs":{"atk":0,"def":31,"hp":31,"spa":31,"spd":31,"spe":31},"level":100,"moves":["flamethrower","moonblast","psychic","moonlight"],"name":"Clefable","nature":"Modest","species":"Clefable"},{"ability":"gorillatactics","evs":{"atk":252,"def":0,"hp":4,"spa":0,"spd":0,"spe":252},"happiness":160,"item":"choiceband","ivs":{"atk":31,"def":31,"hp":31,"spa":31,"spd":31,"spe":31},"level":100,"moves":["earthquake","icepunch","firepunch","uturn"],"name":"Darmanitan","nature":"Jolly","species":"darmanitangalar"},{"ability":"infiltrator","evs":{"atk":0,"def":0,"hp":96,"spa":252,"spd":0,"spe":160},"happiness":160,"item":"choicescarf","ivs":{"atk":0,"def":31,"hp":31,"spa":31,"spd":31,"spe":31},"level":100,"moves":["fireblast","dracometeor","shadowball","thunderbolt"],"name":"Dragapult","nature":"Modest","species":"Dragapult"},{"ability":"moldbreaker","evs":{"atk":252,"def":0,"hp":4,"spa":0,"spd":0,"spe":252},"happiness":160,"item":"leftovers","ivs":{"atk":31,"def":31,"hp":31,"spa":31,"spd":31,"spe":31},"level":100,"moves":["rapidspin","earthquake","ironhead","swordsdance"],"name":"Excadrill","nature":"Jolly","species":"Excadrill"},{"ability":"overcoat","evs":{"atk":0,"def":4,"hp":252,"spa":0,"spd":252,"spe":0},"gender":"F","happiness":160,"item":"heavydutyboots","ivs":{"atk":31,"def":31,"hp":31,"spa":31,"spd":31,"spe":31},"level":100,"moves":["toxic","foulplay","uturn","roost"],"name":"Mandibuzz","nature":"Careful","species":"Mandibuzz"},{"ability":"waterabsorb","evs":{"atk":0,"def":252,"hp":252,"spa":0,"spd":4,"spe":0},"happiness":160,"item":"leftovers","ivs":{"atk":0,"def":31,"hp":31,"spa":31,"spd":31,"spe":31},"level":100,"moves":["stealthrock","scald","toxic","protect"],"name":"Seismitoad","nature":"Bold","species":"Seismitoad"}],"roomid":1022525,"score":[0,1],"seed":[23732,5015,60696,9304],"timestamp":"Sat Dec 28 2019 17:XX","turns":27,"winner":"122716","rated_battle":true,"average_rating":1200}