{"endType":"normal","format":"gen8ou","inputLog":[">version aa9f8c6b9cf4eca780a1296832ecd3b0009641e0",">version-origin 5e8529faaa5905c5f8e15eafaaefa806ee8c7d06",">start {\"formatid\":\"gen8ou\",\"seed\":[17386,56546,51017,4381],\"rated\":\"Rated battle\"}",">player p1 {\"\"name\":\"25746\",\"rating\":1217}",">player p2 {\"\"name\":\"15419\",\"rating\":1223}",">p1 team 6, 2, 3, 4, 5, 1",">p2 team 3, 2, 1, 4, 5, 6",">p1 switch 2",">p2 move firespin",">p1 move stealthrock",">p2 switch 6",">p1 move firepunch",">p2 move ironhead",">p1 switch 2",">p2 move ironhead",">p1 move shadowball",">p2 move defog",">p2 switch 6",">p1 switch 6",">p2 move fireblast",">p1 move dracometeor",">p2 switch 3",">p1 switch 5",">p2 switch 5",">p1 move uturn",">p2 move thunderwave",">p1 switch 6",">p1 move headsmash",">p2 move bulkup",">p1 switch 3",">p2 move bulkup",">p1 move dazzlinggleam",">p2 move spiritbreak",">p1 move protect",">p2 move spiritbreak",">p1 move dazzlinggleam",">p2 move spiritbreak",">p1 move dazzlinggleam",">p2 move bulkup",">p2 switch 3",">p1 move protect",">p2 move fireblast",">p1 switch 5",">p2 move fireblast",">p1 move dracometeor",">p2 switch 5",">p1 switch 6",">p2 move toxic",">p1 move uturn",">p2 move stealthrock",">p1 switch 4",">p1 move earthquake",">p2 move earthquake",">p2 switch 4",">p1 move ironhead",">p2 move weatherball",">p1 switch 6",">p1 move dracometeor",">p2 move dazzlinggleam",">p1 switch 5",">p2 move dazzlinggleam",">p1 move protect",">p2 move dazzlinggleam",">p1 switch 4",">p2 move dazzlinggleam",">p1 move bravebird",">p2 switch 5",">p1 switch 4",">p2 move fireblast",">p1 switch 5",">p1 move dracometeor",">p2 move solarbeam",">p1 switch 2",">p1 move rest",">p2 move fireblast",">p1 switch 3",">p1 move shadowball",">p2 move fireblast",">p2 switch 2",">p1 move shadowball",">p2 move substitute",">p1 move shadowball",">p2 move thunderpunch",">p1 switch 4",">p1 move bravebird",">p2 move thunderpunch",">p2 switch 5",">p1 move roost",">p2 move psychic",">p1 move bravebird",">p2 move weatherball",">p1 move bravebird",">p2 move weatherball"],"log":["|j|\u260625746","|j|\u260615419","|player|p1|25746|265|1217","|player|p2|15419|102|1223","|teamsize|p1|6","|teamsize|p2|6","|gametype|singles","|gen|8","|tier|[Gen 8] OU","|rated|","|rule|Sleep Clause Mod: Limit one foe put to sleep","|rule|Species Clause: Limit one of each Pok\u00e9mon","|rule|OHKO Clause: OHKO moves are banned","|rule|Evasion Moves Clause: Evasion moves are banned","|rule|Endless Battle Clause: Forcing endless battles is banned","|rule|HP Percentage Mod: HP is shown in percentages","|clearpoke","|poke|p1|Dracovish|","|poke|p1|Tyranitar, F|","|poke|p1|Clefable, F|","|poke|p1|Excadrill, F|","|poke|p1|Corviknight, F|","|poke|p1|Aegislash, F|","|poke|p2|Seismitoad, M|","|poke|p2|Kommo-o, F|","|poke|p2|Ninetales, M|","|poke|p2|Espeon, F|","|poke|p2|Grimmsnarl, M|","|poke|p2|Corviknight, M|","|rule|Dynamax Clause: You cannot dynamax","|teampreview","|","|start","|switch|p1a: Aegislash|Aegislash, F|324\/324","|switch|p2a: Ninetales|Ninetales, M|287\/287","|-weather|SunnyDay|[from] ability: Drought|[of] p2a: Ninetales","|turn|1","|","|switch|p1a: Tyranitar|Tyranitar, F|404\/404","|-weather|Sandstorm|[from] ability: Sand Stream|[of] p1a: Tyranitar","|move|p2a: Ninetales|Fire Spin|p1a: Tyranitar","|-resisted|p1a: Tyranitar","|-damage|p1a: Tyranitar|392\/404","|-activate|p1a: Tyranitar|move: Fire Spin|[of] p2a: Ninetales","|","|-weather|Sandstorm|[upkeep]","|-damage|p2a: Ninetales|270\/287|[from] Sandstorm","|-damage|p1a: Tyranitar|342\/404|[from] move: Fire Spin|[partiallytrapped]","|upkeep","|turn|2","|","|switch|p2a: Corviknight|Corviknight, M|337\/337","|-ability|p2a: Corviknight|Pressure","|move|p1a: Tyranitar|Stealth Rock|p2a: Corviknight","|-sidestart15419|move: Stealth Rock","|","|-weather|Sandstorm|[upkeep]","|-end|p1a: Tyranitar|Fire Spin|[partiallytrapped]|[silent]","|upkeep","|turn|3","|","|move|p2a: Corviknight|Iron Head|p1a: Tyranitar","|-supereffective|p1a: Tyranitar","|-damage|p1a: Tyranitar|138\/404","|move|p1a: Tyranitar|Fire Punch|p2a: Corviknight","|-supereffective|p2a: Corviknight","|-damage|p2a: Corviknight|225\/337","|-damage|p1a: Tyranitar|71\/404|[from] item: Rocky Helmet|[of] p2a: Corviknight","|","|-weather|Sandstorm|[upkeep]","|upkeep","|turn|4","|","|switch|p1a: Aegislash|Aegislash, F|324\/324","|move|p2a: Corviknight|Iron Head|p1a: Aegislash","|-resisted|p1a: Aegislash","|-damage|p1a: Aegislash|279\/324","|","|-weather|Sandstorm|[upkeep]","|upkeep","|turn|5","|","|move|p2a: Corviknight|Defog|p1a: Aegislash","|-unboost|p1a: Aegislash|evasion|1","|-sideend15419|Stealth Rock|[from] move: Defog|[of] p2a: Corviknight","|-formechange|p1a: Aegislash|Aegislash-Blade||[from] ability: Stance Change","|move|p1a: Aegislash|Shadow Ball|p2a: Corviknight","|-damage|p2a: Corviknight|0 fnt","|faint|p2a: Corviknight","|","|-weather|Sandstorm|[upkeep]","|upkeep","|","|switch|p2a: Ninetales|Ninetales, M|270\/287","|-weather|SunnyDay|[from] ability: Drought|[of] p2a: Ninetales","|turn|6","|l|\u260615419","|player|p2|","|","|switch|p1a: Dracovish|Dracovish|383\/383","|move|p2a: Ninetales|Fire Blast|p1a: Dracovish|[miss]","|-miss|p2a: Ninetales|p1a: Dracovish","|","|-weather|SunnyDay|[upkeep]","|upkeep","|turn|7","|j|\u260615419","|player|p2|15419|102","|","|switch|p2a: Seismitoad|Seismitoad, M|414\/414","|move|p1a: Dracovish|Draco Meteor|p2a: Seismitoad","|-damage|p2a: Seismitoad|210\/414","|-unboost|p1a: Dracovish|spa|2","|","|-weather|SunnyDay|[upkeep]","|-heal|p2a: Seismitoad|235\/414|[from] item: Leftovers","|upkeep","|turn|8","|","|switch|p2a: Grimmsnarl|Grimmsnarl, M|394\/394","|switch|p1a: Corviknight|Corviknight, F|400\/400","|-ability|p1a: Corviknight|Pressure","|","|-weather|SunnyDay|[upkeep]","|upkeep","|turn|9","|","|move|p2a: Grimmsnarl|Thunder Wave|p1a: Corviknight","|-status|p1a: Corviknight|par","|move|p1a: Corviknight|U-turn|p2a: Grimmsnarl","|-damage|p2a: Grimmsnarl|347\/394","|","|switch|p1a: Aegislash|Aegislash, F|279\/324","|","|-weather|SunnyDay|[upkeep]","|-heal|p2a: Grimmsnarl|371\/394|[from] item: Leftovers","|upkeep","|turn|10","|","|move|p2a: Grimmsnarl|Bulk Up|p2a: Grimmsnarl","|-boost|p2a: Grimmsnarl|atk|1","|-boost|p2a: Grimmsnarl|def|1","|-formechange|p1a: Aegislash|Aegislash-Blade||[from] ability: Stance Change","|move|p1a: Aegislash|Head Smash|p2a: Grimmsnarl","|-damage|p2a: Grimmsnarl|263\/394","|-damage|p1a: Aegislash|225\/324|[from] Recoil","|","|-weather|SunnyDay|[upkeep]","|-heal|p2a: Grimmsnarl|287\/394|[from] item: Leftovers","|upkeep","|turn|11","|","|switch|p1a: Clefable|Clefable, F|394\/394","|move|p2a: Grimmsnarl|Bulk Up|p2a: Grimmsnarl","|-boost|p2a: Grimmsnarl|atk|1","|-boost|p2a: Grimmsnarl|def|1","|","|-weather|SunnyDay|[upkeep]","|-heal|p2a: Grimmsnarl|311\/394|[from] item: Leftovers","|upkeep","|turn|12","|","|move|p2a: Grimmsnarl|Spirit Break|p1a: Clefable","|-damage|p1a: Clefable|187\/394","|-unboost|p1a: Clefable|spa|1","|move|p1a: Clefable|Dazzling Gleam|p2a: Grimmsnarl","|-supereffective|p2a: Grimmsnarl","|-damage|p2a: Grimmsnarl|147\/394","|","|-weather|SunnyDay|[upkeep]","|-heal|p2a: Grimmsnarl|171\/394|[from] item: Leftovers","|-heal|p1a: Clefable|211\/394|[from] item: Leftovers","|upkeep","|turn|13","|","|move|p1a: Clefable|Protect|p1a: Clefable","|-singleturn|p1a: Clefable|Protect","|move|p2a: Grimmsnarl|Spirit Break|p1a: Clefable","|-activate|p1a: Clefable|move: Protect","|","|-weather|none","|-heal|p2a: Grimmsnarl|195\/394|[from] item: Leftovers","|-heal|p1a: Clefable|235\/394|[from] item: Leftovers","|upkeep","|turn|14","|","|move|p2a: Grimmsnarl|Spirit Break|p1a: Clefable","|-damage|p1a: Clefable|34\/394","|-unboost|p1a: Clefable|spa|1","|move|p1a: Clefable|Dazzling Gleam|p2a: Grimmsnarl","|-supereffective|p2a: Grimmsnarl","|-damage|p2a: Grimmsnarl|81\/394","|","|-heal|p2a: Grimmsnarl|105\/394|[from] item: Leftovers","|-heal|p1a: Clefable|58\/394|[from] item: Leftovers","|upkeep","|turn|15","|","|move|p2a: Grimmsnarl|Bulk Up|p2a: Grimmsnarl","|-boost|p2a: Grimmsnarl|atk|1","|-boost|p2a: Grimmsnarl|def|1","|move|p1a: Clefable|Dazzling Gleam|p2a: Grimmsnarl","|-supereffective|p2a: Grimmsnarl","|-damage|p2a: Grimmsnarl|0 fnt","|faint|p2a: Grimmsnarl","|","|-heal|p1a: Clefable|82\/394|[from] item: Leftovers","|upkeep","|","|switch|p2a: Ninetales|Ninetales, M|270\/287","|-weather|SunnyDay|[from] ability: Drought|[of] p2a: Ninetales","|turn|16","|","|move|p1a: Clefable|Protect|p1a: Clefable","|-singleturn|p1a: Clefable|Protect","|move|p2a: Ninetales|Fire Blast|p1a: Clefable","|-activate|p1a: Clefable|move: Protect","|","|-weather|SunnyDay|[upkeep]","|-heal|p1a: Clefable|106\/394|[from] item: Leftovers","|upkeep","|turn|17","|","|switch|p1a: Dracovish|Dracovish|383\/383","|move|p2a: Ninetales|Fire Blast|p1a: Dracovish","|-resisted|p1a: Dracovish","|-damage|p1a: Dracovish|343\/383","|","|-weather|SunnyDay|[upkeep]","|upkeep","|turn|18","|","|switch|p2a: Seismitoad|Seismitoad, M|235\/414","|move|p1a: Dracovish|Draco Meteor|p2a: Seismitoad","|-damage|p2a: Seismitoad|27\/414","|-unboost|p1a: Dracovish|spa|2","|","|-weather|SunnyDay|[upkeep]","|-heal|p2a: Seismitoad|52\/414|[from] item: Leftovers","|upkeep","|turn|19","|","|switch|p1a: Corviknight|Corviknight, F|400\/400 par","|-ability|p1a: Corviknight|Pressure","|move|p2a: Seismitoad|Toxic||[still]","|-fail|p2a: Seismitoad","|","|-weather|SunnyDay|[upkeep]","|-heal|p2a: Seismitoad|77\/414|[from] item: Leftovers","|upkeep","|turn|20","|","|move|p2a: Seismitoad|Stealth Rock|p1a: Corviknight","|-sidestart25746|move: Stealth Rock","|move|p1a: Corviknight|U-turn|p2a: Seismitoad","|-damage|p2a: Seismitoad|32\/414","|","|switch|p1a: Excadrill|Excadrill, F|361\/361","|-damage|p1a: Excadrill|350\/361|[from] Stealth Rock","|","|-weather|SunnyDay|[upkeep]","|-heal|p2a: Seismitoad|57\/414|[from] item: Leftovers","|upkeep","|turn|21","|","|move|p1a: Excadrill|Earthquake|p2a: Seismitoad","|-damage|p2a: Seismitoad|0 fnt","|-damage|p1a: Excadrill|314\/361|[from] item: Life Orb","|faint|p2a: Seismitoad","|","|-weather|SunnyDay|[upkeep]","|upkeep","|","|switch|p2a: Espeon|Espeon, F|271\/271","|turn|22","|","|move|p2a: Espeon|Weather Ball|p1a: Excadrill","|-supereffective|p1a: Excadrill","|-damage|p1a: Excadrill|0 fnt","|faint|p1a: Excadrill","|","|-weather|SunnyDay|[upkeep]","|upkeep","|","|switch|p1a: Dracovish|Dracovish|343\/383","|-damage|p1a: Dracovish|296\/383|[from] Stealth Rock","|turn|23","|","|move|p2a: Espeon|Dazzling Gleam|p1a: Dracovish","|-supereffective|p1a: Dracovish","|-damage|p1a: Dracovish|128\/383","|move|p1a: Dracovish|Draco Meteor|p2a: Espeon","|-damage|p2a: Espeon|84\/271","|-unboost|p1a: Dracovish|spa|2","|","|-weather|none","|upkeep","|turn|24","|","|switch|p1a: Clefable|Clefable, F|106\/394","|move|p2a: Espeon|Dazzling Gleam|p1a: Clefable","|-damage|p1a: Clefable|18\/394","|","|-heal|p1a: Clefable|42\/394|[from] item: Leftovers","|upkeep","|turn|25","|","|move|p1a: Clefable|Protect|p1a: Clefable","|-singleturn|p1a: Clefable|Protect","|move|p2a: Espeon|Dazzling Gleam|p1a: Clefable","|-activate|p1a: Clefable|move: Protect","|","|-heal|p1a: Clefable|66\/394|[from] item: Leftovers","|upkeep","|turn|26","|","|switch|p1a: Corviknight|Corviknight, F|400\/400 par","|-damage|p1a: Corviknight|350\/400 par|[from] Stealth Rock","|-ability|p1a: Corviknight|Pressure","|move|p2a: Espeon|Dazzling Gleam|p1a: Corviknight","|-resisted|p1a: Corviknight","|-damage|p1a: Corviknight|312\/400 par","|","|-heal|p1a: Corviknight|337\/400 par|[from] item: Leftovers","|upkeep","|turn|27","|","|switch|p2a: Ninetales|Ninetales, M|270\/287","|-weather|SunnyDay|[from] ability: Drought|[of] p2a: Ninetales","|move|p1a: Corviknight|Brave Bird|p2a: Ninetales","|-damage|p2a: Ninetales|123\/287","|-damage|p1a: Corviknight|288\/400 par|[from] Recoil","|","|-weather|SunnyDay|[upkeep]","|-heal|p1a: Corviknight|313\/400 par|[from] item: Leftovers","|upkeep","|turn|28","|","|switch|p1a: Clefable|Clefable, F|66\/394","|move|p2a: Ninetales|Fire Blast|p1a: Clefable","|-damage|p1a: Clefable|0 fnt","|faint|p1a: Clefable","|","|-weather|SunnyDay|[upkeep]","|upkeep","|","|switch|p1a: Dracovish|Dracovish|128\/383","|-damage|p1a: Dracovish|81\/383|[from] Stealth Rock","|turn|29","|","|move|p2a: Ninetales|Solar Beam||[still]","|-prepare|p2a: Ninetales|Solar Beam|p1a: Dracovish","|-anim|p2a: Ninetales|Solar Beam|p1a: Dracovish","|-damage|p1a: Dracovish|0 fnt","|faint|p1a: Dracovish","|","|-weather|SunnyDay|[upkeep]","|upkeep","|","|switch|p1a: Tyranitar|Tyranitar, F|71\/404","|-damage|p1a: Tyranitar|21\/404|[from] Stealth Rock","|-weather|Sandstorm|[from] ability: Sand Stream|[of] p1a: Tyranitar","|turn|30","|","|move|p2a: Ninetales|Fire Blast|p1a: Tyranitar","|-resisted|p1a: Tyranitar","|-damage|p1a: Tyranitar|0 fnt","|faint|p1a: Tyranitar","|","|-weather|Sandstorm|[upkeep]","|-damage|p2a: Ninetales|106\/287|[from] Sandstorm","|upkeep","|","|switch|p1a: Aegislash|Aegislash, F|225\/324","|-damage|p1a: Aegislash|205\/324|[from] Stealth Rock","|turn|31","|","|move|p2a: Ninetales|Fire Blast|p1a: Aegislash","|-supereffective|p1a: Aegislash","|-damage|p1a: Aegislash|17\/324","|-formechange|p1a: Aegislash|Aegislash-Blade||[from] ability: Stance Change","|move|p1a: Aegislash|Shadow Ball|p2a: Ninetales","|-damage|p2a: Ninetales|0 fnt","|faint|p2a: Ninetales","|","|-weather|Sandstorm|[upkeep]","|upkeep","|","|switch|p2a: Kommo-o|Kommo-o, F|292\/292","|turn|32","|","|move|p2a: Kommo-o|Substitute|p2a: Kommo-o","|-start|p2a: Kommo-o|Substitute","|-damage|p2a: Kommo-o|219\/292","|move|p1a: Aegislash|Shadow Ball|p2a: Kommo-o","|-end|p2a: Kommo-o|Substitute","|","|-weather|Sandstorm|[upkeep]","|-damage|p2a: Kommo-o|201\/292|[from] Sandstorm","|upkeep","|turn|33","|","|move|p2a: Kommo-o|Thunder Punch|p1a: Aegislash","|-damage|p1a: Aegislash|0 fnt","|faint|p1a: Aegislash","|","|-weather|Sandstorm|[upkeep]","|-damage|p2a: Kommo-o|183\/292|[from] Sandstorm","|upkeep","|","|switch|p1a: Corviknight|Corviknight, F|313\/400 par","|-damage|p1a: Corviknight|263\/400 par|[from] Stealth Rock","|-ability|p1a: Corviknight|Pressure","|turn|34","|","|move|p2a: Kommo-o|Thunder Punch|p1a: Corviknight","|-supereffective|p1a: Corviknight","|-damage|p1a: Corviknight|159\/400 par","|move|p1a: Corviknight|Brave Bird|p2a: Kommo-o","|-supereffective|p2a: Kommo-o","|-damage|p2a: Kommo-o|0 fnt","|-damage|p1a: Corviknight|99\/400 par|[from] Recoil","|faint|p2a: Kommo-o","|","|-weather|Sandstorm|[upkeep]","|-heal|p1a: Corviknight|124\/400 par|[from] item: Leftovers","|upkeep","|","|switch|p2a: Espeon|Espeon, F|84\/271","|turn|35","|","|move|p2a: Espeon|Psychic|p1a: Corviknight","|-resisted|p1a: Corviknight","|-damage|p1a: Corviknight|59\/400 par","|move|p1a: Corviknight|Roost|p1a: Corviknight","|-heal|p1a: Corviknight|259\/400 par","|-singleturn|p1a: Corviknight|move: Roost","|","|-weather|Sandstorm|[upkeep]","|-damage|p2a: Espeon|68\/271|[from] Sandstorm","|-heal|p1a: Corviknight|284\/400 par|[from] item: Leftovers","|upkeep","|turn|36","|","|move|p2a: Espeon|Weather Ball|p1a: Corviknight","|-damage|p1a: Corviknight|184\/400 par","|cant|p1a: Corviknight|par","|","|-weather|Sandstorm|[upkeep]","|-damage|p2a: Espeon|52\/271|[from] Sandstorm","|-heal|p1a: Corviknight|209\/400 par|[from] item: Leftovers","|upkeep","|turn|37","|","|move|p2a: Espeon|Weather Ball|p1a: Corviknight","|-damage|p1a: Corviknight|115\/400 par","|move|p1a: Corviknight|Brave Bird|p2a: Espeon","|-damage|p2a: Espeon|0 fnt","|-damage|p1a: Corviknight|98\/400 par|[from] Recoil","|faint|p2a: Espeon","|","|win|25746","|raw|25746's rating: 1217 &rarr; <strong>1243<\/strong><br \/>(+26 for winning)","|raw|15419's rating: 1224 &rarr; <strong>1198<\/strong><br \/>(-26 for losing)",""],"p1":"25746","p1rating":1217,"p1team":[{"ability":"waterabsorb","evs":{"atk":8,"def":0,"hp":248,"spa":252,"spd":0,"spe":0},"gender":"N","happiness":160,"item":"assaultvest","ivs":{"atk":31,"def":31,"hp":31,"spa":31,"spd":31,"spe":31},"level":100,"moves":["rest","dracometeor","hydropump","icefang"],"name":"Dracovish","nature":"Quiet","species":"Dracovish"},{"ability":"sandstream","evs":{"atk":0,"def":0,"hp":252,"spa":0,"spd":252,"spe":0},"happiness":160,"item":"smoothrock","ivs":{"atk":31,"def":31,"hp":31,"spa":31,"spd":31,"spe":31},"level":100,"moves":["rest","stoneedge","stealthrock","firepunch"],"name":"Tyranitar","nature":"Adamant","species":"Tyranitar"},{"ability":"magicguard","evs":{"atk":0,"def":252,"hp":252,"spa":4,"spd":0,"spe":0},"happiness":160,"item":"leftovers","ivs":{"atk":0,"def":31,"hp":31,"spa":31,"spd":31,"spe":31},"level":100,"moves":["aromatherapy","dazzlinggleam","wish","protect"],"name":"Clefable","nature":"Calm","species":"Clefable"},{"ability":"sandrush","evs":{"atk":252,"def":0,"hp":0,"spa":0,"spd":4,"spe":252},"happiness":160,"item":"lifeorb","ivs":{"atk":31,"def":31,"hp":31,"spa":31,"spd":31,"spe":31},"level":100,"moves":["earthquake","rockslide","ironhead","rapidspin"],"name":"Excadrill","nature":"Adamant","species":"Excadrill"},{"ability":"pressure","evs":{"atk":4,"def":0,"hp":252,"spa":0,"spd":252,"spe":0},"happiness":160,"item":"leftovers","ivs":{"atk":31,"def":31,"hp":31,"spa":31,"spd":31,"spe":31},"level":100,"moves":["roost","bravebird","bulkup","uturn"],"name":"Corviknight","nature":"Careful","species":"Corviknight"},{"ability":"stancechange","evs":{"atk":4,"def":0,"hp":252,"spa":252,"spd":0,"spe":0},"happiness":160,"item":"choicespecs","ivs":{"atk":31,"def":31,"hp":31,"spa":31,"spd":31,"spe":31},"level":100,"moves":["shadowball","flashcannon","sacredsword","headsmash"],"name":"Aegislash","nature":"Quiet","species":"Aegislash"}],"p2":"15419","p2rating":1223,"p2team":[{"ability":"waterabsorb","evs":{"atk":0,"def":200,"hp":252,"spa":0,"spd":56,"spe":0},"happiness":160,"item":"leftovers","ivs":{"atk":31,"def":31,"hp":31,"spa":31,"spd":31,"spe":31},"level":100,"moves":["toxic","stealthrock","earthquake","scald"],"name":"Seismitoad","nature":"Bold","species":"Seismitoad"},{"ability":"soundproof","evs":{"atk":0,"def":0,"hp":4,"spa":252,"spd":0,"spe":252},"happiness":160,"item":"salacberry","ivs":{"atk":31,"def":31,"hp":31,"spa":31,"spd":31,"spe":31},"level":100,"moves":["drainpunch","thunderpunch","substitute","bellydrum"],"name":"Kommo-o","nature":"Timid","species":"Kommo-o"},{"ability":"drought","evs":{"atk":0,"def":0,"hp":0,"spa":66,"spd":190,"spe":252},"happiness":160,"item":"heatrock","ivs":{"atk":0,"def":31,"hp":31,"spa":31,"spd":31,"spe":31},"level":100,"moves":["fireblast","solarbeam","willowisp","firespin"],"name":"Ninetales","nature":"Modest","species":"Ninetales"},{"ability":"magicbounce","evs":{"atk":0,"def":0,"hp":0,"spa":252,"spd":0,"spe":252},"happiness":160,"item":"focussash","ivs":{"atk":0,"def":31,"hp":31,"spa":31,"spd":31,"spe":31},"level":100,"moves":["psychic","calmmind","dazzlinggleam","weatherball"],"name":"Espeon","nature":"Timid","species":"Espeon"},{"ability":"prankster","evs":{"atk":0,"def":252,"hp":252,"spa":0,"spd":0,"spe":4},"gender":"M","happiness":160,"item":"leftovers","ivs":{"atk":31,"def":31,"hp":31,"spa":31,"spd":31,"spe":31},"level":100,"moves":["bulkup","thunderwave","suckerpunch","spiritbreak"],"name":"Grimmsnarl","nature":"Impish","species":"Grimmsnarl"},{"ability":"pressure","evs":{"atk":252,"def":252,"hp":0,"spa":0,"spd":0,"spe":0},"happiness":160,"item":"rockyhelmet","ivs":{"atk":31,"def":31,"hp":31,"spa":31,"spd":31,"spe":31},"level":100,"moves":["bulkup","defog","bravebird","ironhead"],"name":"Corviknight","nature":"Impish","species":"Corviknight"}],"roomid":1019628,"score":[1,0],"seed":[17386,56546,51017,4381],"timestamp":"Sat Dec 28 2019 19:XX","turns":37,"winner":"25746","rated_battle":true,"average_rating":1220}