{"endType":"forfeit","format":"gen8ou","inputLog":[">version aa9f8c6b9cf4eca780a1296832ecd3b0009641e0",">version-origin 5e8529faaa5905c5f8e15eafaaefa806ee8c7d06",">start {\"formatid\":\"gen8ou\",\"seed\":[32239,65036,35378,10323],\"rated\":\"Rated battle\"}",">player p1 {\"\"name\":\"2130\",\"rating\":1266}",">player p2 {\"\"name\":\"28260\",\"rating\":1305}",">p1 team 1, 2, 3, 4, 5, 6",">p2 team 1, 2, 3, 4, 5, 6",">p1 switch 2",">p2 move gigadrain",">p1 move willowisp",">p2 move tailwind",">p1 move painsplit",">p2 switch 3",">p1 move willowisp",">p2 move shadowball",">p1 switch 4",">p2 move shadowball",">p1 move crunch",">p2 switch 6",">p1 switch 2",">p2 move drainpunch",">p1 move stealthrock",">p2 switch 3",">p1 switch 4",">p2 move gigadrain",">p1 move rest",">p2 move moonblast",">p1 switch 6",">p1 move flamethrower",">p2 move tailwind",">p2 switch 3",">p1 switch 4",">p2 move drainpunch",">p1 move slackoff",">p2 switch 2",">p1 move whirlwind",">p2 move liquidation",">p1 move slackoff",">p2 move stealthrock",">p1 move earthquake",">p2 move darkpulse",">p1 move earthquake",">p2 move darkpulse",">p1 switch 3",">p1 move earthquake",">p2 move darkpulse",">p2 switch 5",">p1 switch 4",">p2 move earthquake",">p1 move dracometeor",">p2 switch 6",">p2 switch 6",">p1 switch 5",">p2 move rapidspin",">p1 move protect",">p2 move earthquake",">p1 switch 5",">p2 move ironhead",">p1 move surf",">p2 move ironhead",">p2 switch 2",">p1 switch 5",">p2 move fakeout",">p1 move toxic",">p2 move drainpunch",">p1 move recover",">p2 move drainpunch"],"log":["|j|\u26062130","|j|\u260628260","|player|p1|2130|101|1266","|player|p2|28260|47|1305","|teamsize|p1|6","|teamsize|p2|6","|gametype|singles","|gen|8","|tier|[Gen 8] OU","|rated|","|rule|Sleep Clause Mod: Limit one foe put to sleep","|rule|Species Clause: Limit one of each Pok\u00e9mon","|rule|OHKO Clause: OHKO moves are banned","|rule|Evasion Moves Clause: Evasion moves are banned","|rule|Endless Battle Clause: Forcing endless battles is banned","|rule|HP Percentage Mod: HP is shown in percentages","|clearpoke","|poke|p1|Hippowdon, M|","|poke|p1|Dusclops, F|","|poke|p1|Excadrill, F|","|poke|p1|Tyranitar, F|","|poke|p1|Toxapex, M|","|poke|p1|Hydreigon, F|","|poke|p2|Whimsicott, M|","|poke|p2|Golisopod, M|","|poke|p2|Dragapult, M|","|poke|p2|Tyranitar, F|","|poke|p2|Excadrill, F|","|poke|p2|Toxicroak, F|","|rule|Dynamax Clause: You cannot dynamax","|teampreview","|","|start","|switch|p1a: Hippowdon|Hippowdon, M|420\/420","|switch|p2a: Whimsicott|Whimsicott, M|285\/285","|-weather|Sandstorm|[from] ability: Sand Stream|[of] p1a: Hippowdon","|turn|1","|","|switch|p1a: Dusclops|Dusclops, F, shiny|284\/284","|-ability|p1a: Dusclops|Pressure","|move|p2a: Whimsicott|Giga Drain|p1a: Dusclops","|-damage|p1a: Dusclops|242\/284","|","|-weather|Sandstorm|[upkeep]","|-damage|p2a: Whimsicott|268\/285|[from] Sandstorm","|-damage|p1a: Dusclops|225\/284|[from] Sandstorm","|upkeep","|turn|2","|","|move|p2a: Whimsicott|Tailwind|p2a: Whimsicott","|-sidestart28260|move: Tailwind","|move|p1a: Dusclops|Will-O-Wisp|p2a: Whimsicott","|-status|p2a: Whimsicott|brn","|","|-weather|Sandstorm|[upkeep]","|-damage|p2a: Whimsicott|251\/285 brn|[from] Sandstorm","|-damage|p1a: Dusclops|208\/284|[from] Sandstorm","|-damage|p2a: Whimsicott|234\/285 brn|[from] brn","|upkeep","|turn|3","|","|switch|p2a: Dragapult|Dragapult, M|317\/317","|move|p1a: Dusclops|Pain Split|p2a: Dragapult","|-sethp|p2a: Dragapult|262\/317|[from] move: Pain Split|[silent]","|-sethp|p1a: Dusclops|262\/284|[from] move: Pain Split","|","|-weather|Sandstorm|[upkeep]","|-damage|p2a: Dragapult|243\/317|[from] Sandstorm","|-damage|p1a: Dusclops|245\/284|[from] Sandstorm","|upkeep","|turn|4","|","|move|p2a: Dragapult|Shadow Ball|p1a: Dusclops","|-supereffective|p1a: Dusclops","|-damage|p1a: Dusclops|81\/284","|move|p1a: Dusclops|Will-O-Wisp|p2a: Dragapult|[miss]","|-miss|p1a: Dusclops|p2a: Dragapult","|","|-weather|Sandstorm|[upkeep]","|-damage|p2a: Dragapult|224\/317|[from] Sandstorm","|-damage|p1a: Dusclops|64\/284|[from] Sandstorm","|upkeep","|turn|5","|","|switch|p1a: Tyranitar|Tyranitar, F|341\/341","|move|p2a: Dragapult|Shadow Ball|p1a: Tyranitar","|-resisted|p1a: Tyranitar","|-damage|p1a: Tyranitar|278\/341","|","|-weather|Sandstorm|[upkeep]","|-damage|p2a: Dragapult|205\/317|[from] Sandstorm","|-sideend28260|move: Tailwind","|upkeep","|turn|6","|","|switch|p2a: Toxicroak|Toxicroak, F|307\/307","|move|p1a: Tyranitar|Crunch|p2a: Toxicroak","|-resisted|p2a: Toxicroak","|-damage|p2a: Toxicroak|161\/307","|-damage|p1a: Tyranitar|244\/341|[from] item: Life Orb","|","|-weather|Sandstorm|[upkeep]","|-damage|p2a: Toxicroak|142\/307|[from] Sandstorm","|upkeep","|turn|7","|","|switch|p1a: Hippowdon|Hippowdon, M|420\/420","|move|p2a: Toxicroak|Drain Punch|p1a: Hippowdon","|-damage|p1a: Hippowdon|321\/420","|-heal|p2a: Toxicroak|192\/307|[from] drain|[of] p1a: Hippowdon","|-damage|p2a: Toxicroak|162\/307|[from] item: Life Orb","|","|-weather|Sandstorm|[upkeep]","|-damage|p2a: Toxicroak|143\/307|[from] Sandstorm","|upkeep","|turn|8","|","|switch|p2a: Whimsicott|Whimsicott, M|234\/285 brn","|move|p1a: Hippowdon|Stealth Rock|p2a: Whimsicott","|-sidestart28260|move: Stealth Rock","|","|-weather|none","|-damage|p2a: Whimsicott|217\/285 brn|[from] brn","|upkeep","|turn|9","|","|switch|p1a: Dusclops|Dusclops, F, shiny|64\/284","|-ability|p1a: Dusclops|Pressure","|move|p2a: Whimsicott|Giga Drain|p1a: Dusclops","|-damage|p1a: Dusclops|22\/284","|-heal|p2a: Whimsicott|238\/285 brn|[from] drain|[of] p1a: Dusclops","|","|-damage|p2a: Whimsicott|221\/285 brn|[from] brn","|upkeep","|turn|10","|","|move|p2a: Whimsicott|Moonblast|p1a: Dusclops","|-damage|p1a: Dusclops|0 fnt","|faint|p1a: Dusclops","|","|-damage|p2a: Whimsicott|204\/285 brn|[from] brn","|upkeep","|","|switch|p1a: Hydreigon|Hydreigon, F|325\/325","|turn|11","|","|move|p2a: Whimsicott|Tailwind|p2a: Whimsicott","|-sidestart28260|move: Tailwind","|move|p1a: Hydreigon|Flamethrower|p2a: Whimsicott","|-supereffective|p2a: Whimsicott","|-damage|p2a: Whimsicott|0 fnt","|faint|p2a: Whimsicott","|","|upkeep","|","|switch|p2a: Toxicroak|Toxicroak, F|143\/307","|-damage|p2a: Toxicroak|124\/307|[from] Stealth Rock","|turn|12","|","|switch|p1a: Hippowdon|Hippowdon, M|321\/420","|-weather|Sandstorm|[from] ability: Sand Stream|[of] p1a: Hippowdon","|move|p2a: Toxicroak|Drain Punch|p1a: Hippowdon","|-damage|p1a: Hippowdon|220\/420","|-heal|p2a: Toxicroak|175\/307|[from] drain|[of] p1a: Hippowdon","|-damage|p2a: Toxicroak|145\/307|[from] item: Life Orb","|","|-weather|Sandstorm|[upkeep]","|-damage|p2a: Toxicroak|126\/307|[from] Sandstorm","|upkeep","|turn|13","|","|switch|p2a: Golisopod|Golisopod, M|311\/311","|-damage|p2a: Golisopod|234\/311|[from] Stealth Rock","|move|p1a: Hippowdon|Slack Off|p1a: Hippowdon","|-heal|p1a: Hippowdon|420\/420","|","|-weather|Sandstorm|[upkeep]","|-damage|p2a: Golisopod|215\/311|[from] Sandstorm","|upkeep","|turn|14","|","|move|p2a: Golisopod|Liquidation|p1a: Hippowdon","|-supereffective|p1a: Hippowdon","|-damage|p1a: Hippowdon|170\/420","|-unboost|p1a: Hippowdon|def|1","|-damage|p2a: Golisopod|184\/311|[from] item: Life Orb","|move|p1a: Hippowdon|Whirlwind|p2a: Golisopod","|drag|p2a: Tyranitar|Tyranitar, F|404\/404","|-damage|p2a: Tyranitar|354\/404|[from] Stealth Rock","|","|-weather|Sandstorm|[upkeep]","|-sideend28260|move: Tailwind","|upkeep","|turn|15","|","|move|p2a: Tyranitar|Stealth Rock|p1a: Hippowdon","|-sidestart2130|move: Stealth Rock","|move|p1a: Hippowdon|Slack Off|p1a: Hippowdon","|-heal|p1a: Hippowdon|380\/420","|","|-weather|Sandstorm|[upkeep]","|upkeep","|turn|16","|","|move|p2a: Tyranitar|Dark Pulse|p1a: Hippowdon","|-damage|p1a: Hippowdon|224\/420","|move|p1a: Hippowdon|Earthquake|p2a: Tyranitar","|-supereffective|p2a: Tyranitar","|-damage|p2a: Tyranitar|114\/404","|-enditem|p2a: Tyranitar|Weakness Policy","|-boost|p2a: Tyranitar|atk|2","|-boost|p2a: Tyranitar|spa|2","|","|-weather|Sandstorm|[upkeep]","|upkeep","|turn|17","|","|move|p2a: Tyranitar|Dark Pulse|p1a: Hippowdon","|-damage|p1a: Hippowdon|0 fnt","|faint|p1a: Hippowdon","|","|-weather|Sandstorm|[upkeep]","|upkeep","|","|switch|p1a: Excadrill|Excadrill, F, shiny|361\/361","|-damage|p1a: Excadrill|350\/361|[from] Stealth Rock","|turn|18","|","|move|p1a: Excadrill|Earthquake|p2a: Tyranitar","|-supereffective|p2a: Tyranitar","|-damage|p2a: Tyranitar|0 fnt","|faint|p2a: Tyranitar","|","|-weather|Sandstorm|[upkeep]","|upkeep","|","|switch|p2a: Excadrill|Excadrill, F|361\/361","|-damage|p2a: Excadrill|350\/361|[from] Stealth Rock","|turn|19","|","|switch|p1a: Hydreigon|Hydreigon, F|325\/325","|-damage|p1a: Hydreigon|285\/325|[from] Stealth Rock","|move|p2a: Excadrill|Earthquake|p1a: Hydreigon","|-immune|p1a: Hydreigon|[from] ability: Levitate","|","|-weather|none","|upkeep","|turn|20","|","|switch|p2a: Dragapult|Dragapult, M|205\/317","|-damage|p2a: Dragapult|166\/317|[from] Stealth Rock","|move|p1a: Hydreigon|Draco Meteor|p2a: Dragapult","|-supereffective|p2a: Dragapult","|-damage|p2a: Dragapult|0 fnt","|-unboost|p1a: Hydreigon|spa|2","|faint|p2a: Dragapult","|","|upkeep","|","|switch|p2a: Excadrill|Excadrill, F|350\/361","|-damage|p2a: Excadrill|339\/361|[from] Stealth Rock","|turn|21","|","|switch|p1a: Toxapex|Toxapex, M|304\/304","|-damage|p1a: Toxapex|266\/304|[from] Stealth Rock","|move|p2a: Excadrill|Rapid Spin|p1a: Toxapex","|-damage|p1a: Toxapex|222\/304","|-sideend28260|Stealth Rock|[from] move: Rapid Spin|[of] p2a: Excadrill","|-boost|p2a: Excadrill|spe|1","|-damage|p2a: Excadrill|303\/361|[from] item: Life Orb","|","|-heal|p1a: Toxapex|241\/304|[from] item: Black Sludge","|upkeep","|turn|22","|","|move|p1a: Toxapex|Protect|p1a: Toxapex","|-singleturn|p1a: Toxapex|Protect","|move|p2a: Excadrill|Earthquake|p1a: Toxapex","|-activate|p1a: Toxapex|move: Protect","|","|-heal|p1a: Toxapex|260\/304|[from] item: Black Sludge","|upkeep","|turn|23","|","|switch|p1a: Hydreigon|Hydreigon, F|285\/325","|-damage|p1a: Hydreigon|245\/325|[from] Stealth Rock","|move|p2a: Excadrill|Iron Head|p1a: Hydreigon","|-damage|p1a: Hydreigon|38\/325","|-damage|p2a: Excadrill|267\/361|[from] item: Life Orb","|","|upkeep","|turn|24","|","|move|p1a: Hydreigon|Surf|p2a: Excadrill","|-supereffective|p2a: Excadrill","|-damage|p2a: Excadrill|0 fnt","|faint|p2a: Excadrill","|","|upkeep","|","|switch|p2a: Toxicroak|Toxicroak, F|126\/307","|turn|25","|","|switch|p1a: Toxapex|Toxapex, M|304\/304","|-damage|p1a: Toxapex|266\/304|[from] Stealth Rock","|move|p2a: Toxicroak|Fake Out|p1a: Toxapex","|-damage|p1a: Toxapex|236\/304","|-damage|p2a: Toxicroak|96\/307|[from] item: Life Orb","|","|-heal|p1a: Toxapex|255\/304|[from] item: Black Sludge","|upkeep","|turn|26","|","|move|p2a: Toxicroak|Drain Punch|p1a: Toxapex","|-resisted|p1a: Toxapex","|-damage|p1a: Toxapex|216\/304","|-heal|p2a: Toxicroak|116\/307|[from] drain|[of] p1a: Toxapex","|-damage|p2a: Toxicroak|86\/307|[from] item: Life Orb","|move|p1a: Toxapex|Toxic|p2a: Toxicroak","|-immune|p2a: Toxicroak","|","|-heal|p1a: Toxapex|235\/304|[from] item: Black Sludge","|upkeep","|turn|27","|","|move|p2a: Toxicroak|Drain Punch|p1a: Toxapex","|-resisted|p1a: Toxapex","|-damage|p1a: Toxapex|196\/304","|-heal|p2a: Toxicroak|106\/307|[from] drain|[of] p1a: Toxapex","|-damage|p2a: Toxicroak|76\/307|[from] item: Life Orb","|move|p1a: Toxapex|Recover|p1a: Toxapex","|-heal|p1a: Toxapex|304\/304","|","|upkeep","|turn|28","|-message|28260 forfeited.","|","|win|2130","|l|\u260628260","|raw|2130's rating: 1240 &rarr; <strong>1271<\/strong><br \/>(+31 for winning)","|raw|28260's rating: 1323 &rarr; <strong>1298<\/strong><br \/>(-25 for losing)",""],"p1":"2130","p1rating":1266,"p1team":[{"ability":"sandstream","evs":{"atk":4,"def":252,"hp":252,"spa":0,"spd":0,"spe":0},"happiness":160,"item":"smoothrock","ivs":{"atk":31,"def":31,"hp":31,"spa":31,"spd":31,"spe":31},"level":100,"moves":["earthquake","slackoff","stealthrock","whirlwind"],"name":"Hippowdon","nature":"Impish","species":"Hippowdon"},{"ability":"pressure","evs":{"atk":0,"def":4,"hp":252,"spa":0,"spd":252,"spe":0},"happiness":160,"item":"eviolite","ivs":{"atk":0,"def":31,"hp":31,"spa":31,"spd":31,"spe":31},"level":100,"moves":["willowisp","painsplit","nightshade","rest"],"name":"Dusclops","nature":"Calm","shiny":true,"species":"Dusclops"},{"ability":"sandrush","evs":{"atk":252,"def":0,"hp":0,"spa":0,"spd":4,"spe":252},"happiness":160,"item":"focussash","ivs":{"atk":31,"def":31,"hp":31,"spa":31,"spd":31,"spe":31},"level":100,"moves":["earthquake","ironhead","rapidspin","rockslide"],"name":"Excadrill","nature":"Adamant","shiny":true,"species":"Excadrill"},{"ability":"sandstream","evs":{"atk":252,"def":0,"hp":0,"spa":0,"spd":4,"spe":252},"happiness":160,"item":"lifeorb","ivs":{"atk":31,"def":31,"hp":31,"spa":31,"spd":31,"spe":31},"level":100,"moves":["dragondance","crunch","thunderpunch","rockslide"],"name":"Tyranitar","nature":"Adamant","species":"Tyranitar"},{"ability":"regenerator","evs":{"atk":0,"def":252,"hp":252,"spa":0,"spd":4,"spe":0},"happiness":160,"item":"blacksludge","ivs":{"atk":0,"def":31,"hp":31,"spa":31,"spd":31,"spe":31},"level":100,"moves":["recover","toxic","scald","protect"],"name":"Toxapex","nature":"Bold","species":"Toxapex"},{"ability":"levitate","evs":{"atk":0,"def":0,"hp":0,"spa":252,"spd":4,"spe":252},"happiness":160,"item":"choicescarf","ivs":{"atk":0,"def":31,"hp":31,"spa":31,"spd":31,"spe":31},"level":100,"moves":["darkpulse","dracometeor","flamethrower","surf"],"name":"Hydreigon","nature":"Timid","species":"Hydreigon"}],"p2":"28260","p2rating":1305,"p2team":[{"ability":"prankster","evs":{"atk":0,"def":8,"hp":96,"spa":252,"spd":0,"spe":152},"happiness":160,"item":"focussash","ivs":{"atk":0,"def":31,"hp":31,"spa":31,"spd":31,"spe":31},"level":100,"moves":["moonblast","gigadrain","tailwind","endeavor"],"name":"Whimsicott","nature":"Timid","species":"Whimsicott"},{"ability":"emergencyexit","evs":{"atk":252,"def":4,"hp":80,"spa":0,"spd":0,"spe":172},"happiness":160,"item":"lifeorb","ivs":{"atk":31,"def":31,"hp":31,"spa":31,"spd":31,"spe":31},"level":100,"moves":["firstimpression","liquidation","suckerpunch","closecombat"],"name":"Golisopod","nature":"Adamant","species":"Golisopod"},{"ability":"infiltrator","evs":{"atk":0,"def":4,"hp":0,"spa":252,"spd":0,"spe":252},"happiness":160,"item":"choicespecs","ivs":{"atk":0,"def":31,"hp":31,"spa":31,"spd":31,"spe":31},"level":100,"moves":["fireblast","thunderbolt","shadowball","dracometeor"],"name":"Dragapult","nature":"Modest","species":"Dragapult"},{"ability":"sandstream","evs":{"atk":4,"def":0,"hp":252,"spa":252,"spd":0,"spe":0},"happiness":160,"item":"weaknesspolicy","ivs":{"atk":31,"def":31,"hp":31,"spa":31,"spd":31,"spe":31},"level":100,"moves":["stoneedge","darkpulse","fireblast","stealthrock"],"name":"Tyranitar","nature":"Quiet","species":"Tyranitar"},{"ability":"sandrush","evs":{"atk":252,"def":0,"hp":0,"spa":0,"spd":4,"spe":252},"happiness":160,"item":"lifeorb","ivs":{"atk":31,"def":31,"hp":31,"spa":31,"spd":31,"spe":31},"level":100,"moves":["rapidspin","rockslide","earthquake","ironhead"],"name":"Excadrill","nature":"Jolly","species":"Excadrill"},{"ability":"dryskin","evs":{"atk":252,"def":0,"hp":0,"spa":0,"spd":4,"spe":252},"happiness":160,"item":"lifeorb","ivs":{"atk":31,"def":31,"hp":31,"spa":31,"spd":31,"spe":31},"level":100,"moves":["fakeout","gunkshot","drainpunch","suckerpunch"],"name":"Toxicroak","nature":"Jolly","species":"Toxicroak"}],"roomid":1017937,"score":[4,2],"seed":[32239,65036,35378,10323],"timestamp":"Sat Dec 28 2019 16:XX","turns":28,"winner":"2130","rated_battle":true,"average_rating":1285}