{"endType":"forfeit","format":"gen8ou","inputLog":[">version aa9f8c6b9cf4eca780a1296832ecd3b0009641e0",">version-origin 5e8529faaa5905c5f8e15eafaaefa806ee8c7d06",">start {\"formatid\":\"gen8ou\",\"seed\":[56760,16354,18548,30113],\"rated\":\"Rated battle\"}",">player p1 {\"\"name\":\"144795\",\"rating\":1365}",">player p2 {\"\"name\":\"8982\",\"rating\":1332}",">p1 team 2, 1, 3, 4, 5, 6",">p2 team 4, 2, 3, 1, 5, 6",">p1 move dracometeor",">p2 switch 3",">p1 switch 2",">p2 move thunderwave",">p1 move earthquake",">p2 switch 2",">p1 switch 4",">p2 move strengthsap",">p1 move flashcannon",">p2 switch 2",">p1 move flashcannon",">p2 move crunch",">p1 switch 5",">p1 move overheat",">p2 move stealthrock",">p1 move willowisp",">p2 move stoneedge"],"log":["|j|\u2606144795","|j|\u26068982","|player|p1|144795|steven|1365","|player|p2|8982|264|1332","|teamsize|p1|6","|teamsize|p2|6","|gametype|singles","|gen|8","|tier|[Gen 8] OU","|rated|","|rule|Sleep Clause Mod: Limit one foe put to sleep","|rule|Species Clause: Limit one of each Pok\u00e9mon","|rule|OHKO Clause: OHKO moves are banned","|rule|Evasion Moves Clause: Evasion moves are banned","|rule|Endless Battle Clause: Forcing endless battles is banned","|rule|HP Percentage Mod: HP is shown in percentages","|clearpoke","|poke|p1|Conkeldurr, M|","|poke|p1|Hydreigon, F|","|poke|p1|Seismitoad, M|","|poke|p1|Aegislash, F|","|poke|p1|Rotom-Heat|","|poke|p1|Sylveon, F|","|poke|p2|Cloyster, M|","|poke|p2|Jellicent, M|","|poke|p2|Tyranitar, F|","|poke|p2|Darmanitan-Galar, F|","|poke|p2|Hydreigon, M|","|poke|p2|Excadrill, F|","|rule|Dynamax Clause: You cannot dynamax","|teampreview","|","|start","|switch|p1a: Hydreigon|Hydreigon, F|325\/325","|switch|p2a: Darmanitan|Darmanitan-Galar, F|351\/351","|turn|1","|","|switch|p2a: Tyranitar|Tyranitar, F|404\/404","|-weather|Sandstorm|[from] ability: Sand Stream|[of] p2a: Tyranitar","|move|p1a: Hydreigon|Draco Meteor|p2a: Tyranitar","|-damage|p2a: Tyranitar|289\/404","|-unboost|p1a: Hydreigon|spa|2","|","|-weather|Sandstorm|[upkeep]","|-damage|p1a: Hydreigon|305\/325|[from] Sandstorm","|-heal|p2a: Tyranitar|314\/404|[from] item: Leftovers","|upkeep","|turn|2","|","|switch|p1a: Conkeldurr|Conkeldurr, M|410\/410","|move|p2a: Tyranitar|Thunder Wave|p1a: Conkeldurr","|-status|p1a: Conkeldurr|par","|","|-weather|Sandstorm|[upkeep]","|-damage|p1a: Conkeldurr|385\/410 par|[from] Sandstorm","|-heal|p2a: Tyranitar|339\/404|[from] item: Leftovers","|upkeep","|turn|3","|","|switch|p2a: Jellicent|Jellicent, M|404\/404","|move|p1a: Conkeldurr|Earthquake|p2a: Jellicent","|-damage|p2a: Jellicent|229\/404","|","|-weather|Sandstorm|[upkeep]","|-damage|p2a: Jellicent|204\/404|[from] Sandstorm","|-damage|p1a: Conkeldurr|360\/410 par|[from] Sandstorm","|-heal|p2a: Jellicent|229\/404|[from] item: Leftovers","|upkeep","|turn|4","|","|switch|p1a: Aegislash|Aegislash, F|324\/324","|move|p2a: Jellicent|Strength Sap|p1a: Aegislash","|-unboost|p1a: Aegislash|atk|1","|-heal|p2a: Jellicent|323\/404","|","|-weather|Sandstorm|[upkeep]","|-damage|p2a: Jellicent|298\/404|[from] Sandstorm","|-heal|p2a: Jellicent|323\/404|[from] item: Leftovers","|upkeep","|turn|5","|","|switch|p2a: Tyranitar|Tyranitar, F|339\/404","|-formechange|p1a: Aegislash|Aegislash-Blade||[from] ability: Stance Change","|move|p1a: Aegislash|Flash Cannon|p2a: Tyranitar","|-supereffective|p2a: Tyranitar","|-crit|p2a: Tyranitar","|-damage|p2a: Tyranitar|147\/404","|","|-weather|none","|-heal|p2a: Tyranitar|172\/404|[from] item: Leftovers","|upkeep","|turn|6","|","|move|p2a: Tyranitar|Crunch|p1a: Aegislash","|-supereffective|p1a: Aegislash","|-damage|p1a: Aegislash|0 fnt","|faint|p1a: Aegislash","|","|-heal|p2a: Tyranitar|197\/404|[from] item: Leftovers","|upkeep","|","|switch|p1a: Rotom|Rotom-Heat|241\/241","|turn|7","|","|move|p1a: Rotom|Overheat|p2a: Tyranitar","|-resisted|p2a: Tyranitar","|-damage|p2a: Tyranitar|119\/404","|-unboost|p1a: Rotom|spa|2","|move|p2a: Tyranitar|Stealth Rock|p1a: Rotom","|-sidestart144795|move: Stealth Rock","|","|-heal|p2a: Tyranitar|144\/404|[from] item: Leftovers","|upkeep","|turn|8","|","|move|p1a: Rotom|Will-O-Wisp|p2a: Tyranitar|[miss]","|-miss|p1a: Rotom|p2a: Tyranitar","|move|p2a: Tyranitar|Stone Edge|p1a: Rotom","|-supereffective|p1a: Rotom","|-damage|p1a: Rotom|0 fnt","|faint|p1a: Rotom","|","|-heal|p2a: Tyranitar|169\/404|[from] item: Leftovers","|upkeep","|-message|144795 forfeited.","|","|win|8982","|l|\u2606144795","|l|\u26068982","|raw|144795's rating: 1365 &rarr; <strong>1343<\/strong><br \/>(-22 for losing)","|raw|8982's rating: 1332 &rarr; <strong>1354<\/strong><br \/>(+22 for winning)",""],"p1":"144795","p1rating":1365,"p1team":[{"ability":"guts","evs":{"atk":252,"def":0,"hp":236,"spa":0,"spd":0,"spe":20},"happiness":160,"item":"flameorb","ivs":{"atk":31,"def":31,"hp":31,"spa":31,"spd":31,"spe":31},"level":100,"moves":["drainpunch","machpunch","earthquake","defog"],"name":"Conkeldurr","nature":"Adamant","species":"Conkeldurr"},{"ability":"levitate","evs":{"atk":0,"def":0,"hp":0,"spa":252,"spd":4,"spe":252},"happiness":160,"item":"choicescarf","ivs":{"atk":31,"def":31,"hp":31,"spa":31,"spd":31,"spe":31},"level":100,"moves":["uturn","darkpulse","dracometeor","flashcannon"],"name":"Hydreigon","nature":"Timid","species":"Hydreigon"},{"ability":"waterabsorb","evs":{"atk":0,"def":252,"hp":252,"spa":0,"spd":4,"spe":0},"happiness":160,"item":"leftovers","ivs":{"atk":0,"def":31,"hp":31,"spa":31,"spd":31,"spe":31},"level":100,"moves":["stealthrock","scald","protect","toxic"],"name":"Seismitoad","nature":"Relaxed","species":"Seismitoad"},{"ability":"stancechange","evs":{"atk":0,"def":0,"hp":252,"spa":0,"spd":252,"spe":4},"happiness":160,"item":"leftovers","ivs":{"atk":0,"def":31,"hp":31,"spa":31,"spd":31,"spe":31},"level":100,"moves":["shadowball","flashcannon","substitute","kingsshield"],"name":"Aegislash","nature":"Calm","species":"Aegislash"},{"ability":"levitate","evs":{"atk":0,"def":0,"hp":0,"spa":252,"spd":4,"spe":252},"gender":"N","happiness":160,"item":"heavydutyboots","ivs":{"atk":0,"def":31,"hp":31,"spa":31,"spd":31,"spe":31},"level":100,"moves":["nastyplot","voltswitch","willowisp","overheat"],"name":"Rotom","nature":"Timid","species":"rotomheat"},{"ability":"pixilate","evs":{"atk":0,"def":240,"hp":252,"spa":0,"spd":16,"spe":0},"happiness":160,"item":"leftovers","ivs":{"atk":31,"def":31,"hp":31,"spa":31,"spd":31,"spe":31},"level":100,"moves":["hypervoice","wish","protect","mysticalfire"],"name":"Sylveon","nature":"Calm","species":"Sylveon"}],"p2":"8982","p2rating":1332,"p2team":[{"ability":"skilllink","evs":{"atk":252,"def":0,"hp":0,"spa":0,"spd":4,"spe":252},"happiness":160,"item":"whiteherb","ivs":{"atk":31,"def":31,"hp":31,"spa":31,"spd":31,"spe":31},"level":100,"moves":["shellsmash","iciclespear","rockblast","liquidation"],"name":"Cloyster","nature":"Jolly","species":"Cloyster"},{"ability":"waterabsorb","evs":{"atk":0,"def":252,"hp":252,"spa":0,"spd":4,"spe":0},"happiness":160,"item":"leftovers","ivs":{"atk":0,"def":31,"hp":31,"spa":31,"spd":31,"spe":31},"level":100,"moves":["strengthsap","scald","hex","willowisp"],"name":"Jellicent","nature":"Bold","species":"Jellicent"},{"ability":"sandstream","evs":{"atk":48,"def":0,"hp":252,"spa":0,"spd":208,"spe":0},"happiness":160,"item":"leftovers","ivs":{"atk":31,"def":31,"hp":31,"spa":31,"spd":31,"spe":31},"level":100,"moves":["crunch","stealthrock","stoneedge","thunderwave"],"name":"Tyranitar","nature":"Careful","species":"Tyranitar"},{"ability":"gorillatactics","evs":{"atk":252,"def":0,"hp":0,"spa":0,"spd":4,"spe":252},"happiness":160,"item":"choicescarf","ivs":{"atk":31,"def":31,"hp":31,"spa":31,"spd":31,"spe":31},"level":100,"moves":["iciclecrash","flareblitz","uturn","earthquake"],"name":"Darmanitan","nature":"Jolly","species":"darmanitangalar"},{"ability":"levitate","evs":{"atk":0,"def":0,"hp":0,"spa":252,"spd":4,"spe":252},"happiness":160,"item":"choicespecs","ivs":{"atk":31,"def":31,"hp":31,"spa":31,"spd":31,"spe":31},"level":100,"moves":["uturn","fireblast","darkpulse","flashcannon"],"name":"Hydreigon","nature":"Timid","species":"Hydreigon"},{"ability":"moldbreaker","evs":{"atk":252,"def":0,"hp":0,"spa":0,"spd":4,"spe":252},"happiness":160,"item":"focussash","ivs":{"atk":31,"def":31,"hp":31,"spa":31,"spd":31,"spe":31},"level":100,"moves":["earthquake","ironhead","swordsdance","rapidspin"],"name":"Excadrill","nature":"Jolly","species":"Excadrill"}],"roomid":1016258,"score":[4,6],"seed":[56760,16354,18548,30113],"timestamp":"Sat Dec 28 2019 16:XX","turns":8,"winner":"8982","rated_battle":true,"average_rating":1348}