{"endType":"forfeit","format":"gen8ou","inputLog":[">version aa9f8c6b9cf4eca780a1296832ecd3b0009641e0",">version-origin 5e8529faaa5905c5f8e15eafaaefa806ee8c7d06",">start {\"formatid\":\"gen8ou\",\"seed\":[36305,40256,51137,43243],\"rated\":\"Rated battle\"}",">player p1 {\"\"name\":\"122679\",\"rating\":1242}",">player p2 {\"\"name\":\"31745\",\"rating\":1294}",">p1 team 3, 2, 1, 4, 5, 6",">p2 team 2, 1, 3, 4, 5, 6",">p1 move trick",">p2 move spiritbreak",">p1 switch 6",">p2 move spiritbreak",">p1 move toxic",">p2 switch 4",">p1 move banefulbunker",">p2 move calmmind",">p1 move scald",">p2 move calmmind",">p1 switch 5",">p2 move calmmind",">p1 move ironhead",">p2 move mysticalfire",">p1 move ironhead",">p2 move mysticalfire",">p2 switch 6",">p1 move uturn",">p2 move rockblast",">p1 switch 6",">p1 move flareblitz",">p2 switch 4",">p1 switch 3",">p2 move spiritbreak",">p1 move curse",">p2 switch 5",">p1 switch 5",">p2 move swordsdance",">p1 move toxic",">p2 move throatchop",">p1 move banefulbunker",">p2 move closecombat",">p1 move recover",">p2 move closecombat",">p1 move scald",">p2 move swordsdance",">p1 move scald",">p2 move acrobatics",">p2 switch 4",">p1 move recover",">p2 move rockblast",">p1 switch 3",">p1 move wildcharge",">p2 switch 2",">p1 switch 5",">p2 move uturn",">p2 switch 3",">p1 move bodyslam",">p2 move iciclecrash",">p1 move curse",">p2 switch 3",">p1 move bodyslam",">p2 move uturn",">p2 switch 3",">p1 move curse",">p2 move earthquake",">p1 move bodyslam",">p2 move earthquake",">p2 switch 3",">p1 move bodyslam",">p2 move pyroball",">p2 switch 2",">p1 move bodyslam",">p2 move shellsmash",">p1 move bodyslam",">p2 move liquidation"],"log":["|j|\u2606122679","|j|\u260631745","|player|p1|122679|101|1242","|player|p2|31745|170|1294","|teamsize|p1|6","|teamsize|p2|6","|gametype|singles","|gen|8","|tier|[Gen 8] OU","|rated|","|rule|Sleep Clause Mod: Limit one foe put to sleep","|rule|Species Clause: Limit one of each Pok\u00e9mon","|rule|OHKO Clause: OHKO moves are banned","|rule|Evasion Moves Clause: Evasion moves are banned","|rule|Endless Battle Clause: Forcing endless battles is banned","|rule|HP Percentage Mod: HP is shown in percentages","|clearpoke","|poke|p1|Snorlax, M|","|poke|p1|Dragapult, F|","|poke|p1|Mew|","|poke|p1|Dugtrio, F|","|poke|p1|Corviknight, F|","|poke|p1|Toxapex, M|","|poke|p2|Cinderace, F|","|poke|p2|Grimmsnarl, M|","|poke|p2|Darmanitan-Galar, F|","|poke|p2|Hatterene, F|","|poke|p2|Hawlucha, F|","|poke|p2|Cloyster, M|","|rule|Dynamax Clause: You cannot dynamax","|teampreview","|","|start","|switch|p1a: Mew|Mew|341\/341","|switch|p2a: Grimmsnarl|Grimmsnarl, M|394\/394","|turn|1","|","|move|p1a: Mew|Trick|p2a: Grimmsnarl","|-activate|p1a: Mew|move: Trick|[of] p2a: Grimmsnarl","|-item|p2a: Grimmsnarl|Choice Scarf|[from] move: Trick","|-item|p1a: Mew|Light Clay|[from] move: Trick","|move|p2a: Grimmsnarl|Spirit Break|p1a: Mew","|-damage|p1a: Mew|233\/341","|-unboost|p1a: Mew|spa|1","|","|upkeep","|turn|2","|","|switch|p1a: Toxapex|Toxapex, M|303\/303","|move|p2a: Grimmsnarl|Spirit Break|p1a: Toxapex","|-resisted|p1a: Toxapex","|-damage|p1a: Toxapex|273\/303","|-unboost|p1a: Toxapex|spa|1","|","|-heal|p1a: Toxapex|291\/303|[from] item: Black Sludge","|upkeep","|turn|3","|","|switch|p2a: Hatterene|Hatterene, F|318\/318","|move|p1a: Toxapex|Toxic|p2a: Hatterene","|move|p2a: Hatterene|Toxic|p1a: Toxapex|[from]Magic Bounce","|-immune|p1a: Toxapex","|","|-heal|p1a: Toxapex|303\/303|[from] item: Black Sludge","|upkeep","|turn|4","|","|move|p1a: Toxapex|Baneful Bunker|p1a: Toxapex","|-singleturn|p1a: Toxapex|move: Protect","|move|p2a: Hatterene|Calm Mind|p2a: Hatterene","|-boost|p2a: Hatterene|spa|1","|-boost|p2a: Hatterene|spd|1","|","|upkeep","|turn|5","|","|move|p1a: Toxapex|Scald|p2a: Hatterene","|-damage|p2a: Hatterene|291\/318","|-status|p2a: Hatterene|brn","|move|p2a: Hatterene|Calm Mind|p2a: Hatterene","|-boost|p2a: Hatterene|spa|1","|-boost|p2a: Hatterene|spd|1","|","|-heal|p2a: Hatterene|310\/318 brn|[from] item: Leftovers","|-damage|p2a: Hatterene|291\/318 brn|[from] brn","|upkeep","|turn|6","|","|switch|p1a: Corviknight|Corviknight, F|400\/400","|move|p2a: Hatterene|Calm Mind|p2a: Hatterene","|-boost|p2a: Hatterene|spa|1","|-boost|p2a: Hatterene|spd|1","|","|-heal|p2a: Hatterene|310\/318 brn|[from] item: Leftovers","|-damage|p2a: Hatterene|291\/318 brn|[from] brn","|upkeep","|turn|7","|","|move|p1a: Corviknight|Iron Head|p2a: Hatterene","|-supereffective|p2a: Hatterene","|-damage|p2a: Hatterene|175\/318 brn","|move|p2a: Hatterene|Mystical Fire|p1a: Corviknight","|-supereffective|p1a: Corviknight","|-damage|p1a: Corviknight|82\/400","|-ability|p1a: Corviknight|Mirror Armor","|-unboost|p2a: Hatterene|spa|1","|","|-heal|p1a: Corviknight|107\/400|[from] item: Leftovers","|-heal|p2a: Hatterene|194\/318 brn|[from] item: Leftovers","|-damage|p2a: Hatterene|175\/318 brn|[from] brn","|upkeep","|turn|8","|","|move|p1a: Corviknight|Iron Head|p2a: Hatterene","|-supereffective|p2a: Hatterene","|-crit|p2a: Hatterene","|-damage|p2a: Hatterene|0 fnt","|faint|p2a: Hatterene","|","|-heal|p1a: Corviknight|132\/400|[from] item: Leftovers","|upkeep","|","|switch|p2a: Cloyster|Cloyster, M|241\/241","|turn|9","|","|move|p2a: Cloyster|Rock Blast|p1a: Corviknight","|-damage|p1a: Corviknight|111\/400","|-damage|p1a: Corviknight|87\/400","|-damage|p1a: Corviknight|65\/400","|-damage|p1a: Corviknight|42\/400","|-damage|p1a: Corviknight|21\/400","|-hitcount|p1a: Corviknight|5","|move|p1a: Corviknight|U-turn|p2a: Cloyster","|-damage|p2a: Cloyster|213\/241","|","|switch|p1a: Mew|Mew|233\/341","|","|upkeep","|turn|10","|","|switch|p2a: Grimmsnarl|Grimmsnarl, M|394\/394","|move|p1a: Mew|Flare Blitz|p2a: Grimmsnarl","|-damage|p2a: Grimmsnarl|286\/394","|-status|p2a: Grimmsnarl|brn","|-damage|p1a: Mew|197\/341|[from] Recoil","|","|-damage|p2a: Grimmsnarl|262\/394 brn|[from] brn","|upkeep","|turn|11","|","|switch|p1a: Snorlax|Snorlax, M|524\/524","|move|p2a: Grimmsnarl|Spirit Break|p1a: Snorlax","|-damage|p1a: Snorlax|471\/524","|-unboost|p1a: Snorlax|spa|1","|","|-heal|p1a: Snorlax|503\/524|[from] item: Leftovers","|-damage|p2a: Grimmsnarl|238\/394 brn|[from] brn","|upkeep","|turn|12","|","|switch|p2a: Hawlucha|Hawlucha, F|298\/298","|move|p1a: Snorlax|Curse|p1a: Snorlax","|-unboost|p1a: Snorlax|spe|1","|-boost|p1a: Snorlax|atk|1","|-boost|p1a: Snorlax|def|1","|","|-heal|p1a: Snorlax|524\/524|[from] item: Leftovers","|upkeep","|turn|13","|","|switch|p1a: Toxapex|Toxapex, M|303\/303","|move|p2a: Hawlucha|Swords Dance|p2a: Hawlucha","|-boost|p2a: Hawlucha|atk|2","|","|upkeep","|turn|14","|","|move|p2a: Hawlucha|Throat Chop|p1a: Toxapex","|-damage|p1a: Toxapex|212\/303","|-start|p1a: Toxapex|Throat Chop|[silent]","|move|p1a: Toxapex|Toxic|p2a: Hawlucha","|-status|p2a: Hawlucha|tox","|","|-heal|p1a: Toxapex|230\/303|[from] item: Black Sludge","|-damage|p2a: Hawlucha|280\/298 tox|[from] psn","|upkeep","|turn|15","|","|move|p1a: Toxapex|Baneful Bunker|p1a: Toxapex","|-singleturn|p1a: Toxapex|move: Protect","|move|p2a: Hawlucha|Close Combat|p1a: Toxapex","|-activate|p1a: Toxapex|move: Protect","|","|-heal|p1a: Toxapex|248\/303|[from] item: Black Sludge","|-damage|p2a: Hawlucha|244\/298 tox|[from] psn","|-end|p1a: Toxapex|Throat Chop|[silent]","|upkeep","|turn|16","|","|move|p2a: Hawlucha|Close Combat|p1a: Toxapex","|-resisted|p1a: Toxapex","|-damage|p1a: Toxapex|151\/303","|-unboost|p2a: Hawlucha|def|1","|-unboost|p2a: Hawlucha|spd|1","|-enditem|p2a: Hawlucha|White Herb","|-clearnegativeboost|p2a: Hawlucha|[silent]","|move|p1a: Toxapex|Recover|p1a: Toxapex","|-heal|p1a: Toxapex|303\/303","|","|-damage|p2a: Hawlucha|190\/298 tox|[from] psn","|upkeep","|turn|17","|","|move|p2a: Hawlucha|Swords Dance|p2a: Hawlucha","|-boost|p2a: Hawlucha|atk|2","|move|p1a: Toxapex|Scald|p2a: Hawlucha","|-damage|p2a: Hawlucha|108\/298 tox","|","|-damage|p2a: Hawlucha|36\/298 tox|[from] psn","|upkeep","|turn|18","|","|move|p2a: Hawlucha|Acrobatics|p1a: Toxapex","|-damage|p1a: Toxapex|51\/303","|move|p1a: Toxapex|Scald|p2a: Hawlucha","|-damage|p2a: Hawlucha|0 fnt","|faint|p2a: Hawlucha","|","|-heal|p1a: Toxapex|69\/303|[from] item: Black Sludge","|upkeep","|","|switch|p2a: Cloyster|Cloyster, M|213\/241","|turn|19","|","|move|p2a: Cloyster|Rock Blast|p1a: Toxapex","|-damage|p1a: Toxapex|55\/303","|-damage|p1a: Toxapex|42\/303","|-damage|p1a: Toxapex|27\/303","|-damage|p1a: Toxapex|14\/303","|-damage|p1a: Toxapex|0 fnt","|-hitcount|p1a: Toxapex|5","|faint|p1a: Toxapex","|","|upkeep","|","|switch|p1a: Mew|Mew|197\/341","|turn|20","|","|switch|p2a: Cinderace|Cinderace, F|302\/302","|move|p1a: Mew|Wild Charge|p2a: Cinderace","|-damage|p2a: Cinderace|179\/302","|-damage|p1a: Mew|166\/341|[from] Recoil","|","|upkeep","|turn|21","|","|switch|p1a: Snorlax|Snorlax, M|524\/524","|move|p2a: Cinderace|U-turn|p1a: Snorlax","|-damage|p1a: Snorlax|447\/524","|","|switch|p2a: Darmanitan|Darmanitan-Galar, F|351\/351","|","|-heal|p1a: Snorlax|479\/524|[from] item: Leftovers","|upkeep","|turn|22","|","|move|p2a: Darmanitan|Icicle Crash|p1a: Snorlax","|-damage|p1a: Snorlax|343\/524","|cant|p1a: Snorlax|flinch","|","|-heal|p1a: Snorlax|375\/524|[from] item: Leftovers","|upkeep","|turn|23","|","|switch|p2a: Cinderace|Cinderace, F|179\/302","|move|p1a: Snorlax|Curse|p1a: Snorlax","|-unboost|p1a: Snorlax|spe|1","|-boost|p1a: Snorlax|atk|1","|-boost|p1a: Snorlax|def|1","|","|-heal|p1a: Snorlax|407\/524|[from] item: Leftovers","|upkeep","|turn|24","|","|move|p2a: Cinderace|U-turn|p1a: Snorlax","|-damage|p1a: Snorlax|357\/524","|","|switch|p2a: Darmanitan|Darmanitan-Galar, F|351\/351","|move|p1a: Snorlax|Body Slam|p2a: Darmanitan","|-damage|p2a: Darmanitan|80\/351","|","|-heal|p1a: Snorlax|389\/524|[from] item: Leftovers","|upkeep","|turn|25","|","|move|p2a: Darmanitan|Earthquake|p1a: Snorlax","|-damage|p1a: Snorlax|249\/524","|move|p1a: Snorlax|Curse|p1a: Snorlax","|-unboost|p1a: Snorlax|spe|1","|-boost|p1a: Snorlax|atk|1","|-boost|p1a: Snorlax|def|1","|","|-heal|p1a: Snorlax|281\/524|[from] item: Leftovers","|upkeep","|turn|26","|","|move|p2a: Darmanitan|Earthquake|p1a: Snorlax","|-damage|p1a: Snorlax|181\/524","|move|p1a: Snorlax|Body Slam|p2a: Darmanitan","|-damage|p2a: Darmanitan|0 fnt","|faint|p2a: Darmanitan","|","|-heal|p1a: Snorlax|213\/524|[from] item: Leftovers","|upkeep","|","|switch|p2a: Cinderace|Cinderace, F|179\/302","|turn|27","|","|move|p2a: Cinderace|Pyro Ball|p1a: Snorlax","|-damage|p1a: Snorlax|162\/524","|move|p1a: Snorlax|Body Slam|p2a: Cinderace","|-damage|p2a: Cinderace|0 fnt","|faint|p2a: Cinderace","|","|-heal|p1a: Snorlax|194\/524|[from] item: Leftovers","|upkeep","|","|switch|p2a: Cloyster|Cloyster, M|213\/241","|turn|28","|","|move|p2a: Cloyster|Shell Smash|p2a: Cloyster","|-unboost|p2a: Cloyster|def|1","|-unboost|p2a: Cloyster|spd|1","|-boost|p2a: Cloyster|atk|2","|-boost|p2a: Cloyster|spa|2","|-boost|p2a: Cloyster|spe|2","|-enditem|p2a: Cloyster|White Herb","|-clearnegativeboost|p2a: Cloyster|[silent]","|move|p1a: Snorlax|Body Slam|p2a: Cloyster","|-damage|p2a: Cloyster|80\/241","|","|-heal|p1a: Snorlax|226\/524|[from] item: Leftovers","|upkeep","|turn|29","|","|move|p2a: Cloyster|Liquidation|p1a: Snorlax","|-damage|p1a: Snorlax|100\/524","|move|p1a: Snorlax|Body Slam|p2a: Cloyster","|-damage|p2a: Cloyster|0 fnt","|faint|p2a: Cloyster","|","|-heal|p1a: Snorlax|132\/524|[from] item: Leftovers","|upkeep","|-message|31745 forfeited.","|","|win|122679","|l|\u260631745","|raw|122679's rating: 1242 &rarr; <strong>1271<\/strong><br \/>(+29 for winning)","|raw|31745's rating: 1294 &rarr; <strong>1265<\/strong><br \/>(-29 for losing)",""],"p1":"122679","p1rating":1242,"p1team":[{"ability":"thickfat","evs":{"atk":0,"def":240,"hp":252,"spa":0,"spd":16,"spe":0},"happiness":160,"item":"leftovers","ivs":{"atk":31,"def":31,"hp":31,"spa":31,"spd":31,"spe":31},"level":100,"moves":["darkestlariat","bodyslam","curse","rest"],"name":"Snorlax","nature":"Careful","species":"Snorlax"},{"ability":"infiltrator","evs":{"atk":0,"def":8,"hp":0,"spa":248,"spd":0,"spe":252},"happiness":160,"item":"leftovers","ivs":{"atk":0,"def":31,"hp":31,"spa":31,"spd":31,"spe":31},"level":100,"moves":["hex","willowisp","substitute","disable"],"name":"Dragapult","nature":"Timid","species":"Dragapult"},{"ability":"synchronize","evs":{"atk":252,"def":0,"hp":0,"spa":0,"spd":4,"spe":252},"gender":"N","happiness":160,"item":"choicescarf","ivs":{"atk":31,"def":31,"hp":31,"spa":31,"spd":31,"spe":31},"level":100,"moves":["wildcharge","flareblitz","outrage","trick"],"name":"Mew","nature":"Jolly","species":"Mew"},{"ability":"arenatrap","evs":{"atk":252,"def":0,"hp":0,"spa":0,"spd":4,"spe":252},"happiness":160,"item":"focussash","ivs":{"atk":31,"def":31,"hp":31,"spa":31,"spd":31,"spe":31},"level":100,"moves":["earthquake","suckerpunch","stealthrock","screech"],"name":"Dugtrio","nature":"Jolly","species":"Dugtrio"},{"ability":"mirrorarmor","evs":{"atk":0,"def":56,"hp":252,"spa":0,"spd":136,"spe":64},"happiness":160,"item":"leftovers","ivs":{"atk":31,"def":31,"hp":31,"spa":31,"spd":31,"spe":31},"level":100,"moves":["uturn","roost","ironhead","defog"],"name":"Corviknight","nature":"Careful","species":"Corviknight"},{"ability":"regenerator","evs":{"atk":0,"def":252,"hp":248,"spa":0,"spd":8,"spe":0},"happiness":160,"item":"blacksludge","ivs":{"atk":0,"def":31,"hp":31,"spa":31,"spd":31,"spe":31},"level":100,"moves":["scald","toxic","banefulbunker","recover"],"name":"Toxapex","nature":"Bold","species":"Toxapex"}],"p2":"31745","p2rating":1294,"p2team":[{"ability":"blaze","evs":{"atk":252,"def":0,"hp":4,"spa":0,"spd":0,"spe":252},"happiness":160,"item":"heavydutyboots","ivs":{"atk":31,"def":31,"hp":31,"spa":31,"spd":31,"spe":31},"level":100,"moves":["suckerpunch","pyroball","uturn","courtchange"],"name":"Cinderace","nature":"Jolly","species":"Cinderace"},{"ability":"prankster","evs":{"atk":0,"def":252,"hp":252,"spa":0,"spd":0,"spe":0},"gender":"M","happiness":160,"item":"lightclay","ivs":{"atk":31,"def":31,"hp":31,"spa":31,"spd":31,"spe":31},"level":100,"moves":["spiritbreak","reflect","lightscreen","thunderwave"],"name":"Grimmsnarl","nature":"Impish","species":"Grimmsnarl"},{"ability":"gorillatactics","evs":{"atk":252,"def":0,"hp":0,"spa":0,"spd":0,"spe":252},"happiness":160,"item":"choicescarf","ivs":{"atk":31,"def":31,"hp":31,"spa":31,"spd":31,"spe":31},"level":100,"moves":["earthquake","iciclecrash","uturn","flareblitz"],"name":"Darmanitan","nature":"Jolly","species":"darmanitangalar"},{"ability":"magicbounce","evs":{"atk":0,"def":252,"hp":252,"spa":0,"spd":4,"spe":0},"gender":"F","happiness":160,"item":"leftovers","ivs":{"atk":0,"def":31,"hp":31,"spa":31,"spd":31,"spe":31},"level":100,"moves":["drainingkiss","calmmind","mysticalfire","psychic"],"name":"Hatterene","nature":"Bold","species":"Hatterene"},{"ability":"unburden","evs":{"atk":252,"def":0,"hp":4,"spa":0,"spd":0,"spe":252},"happiness":160,"item":"whiteherb","ivs":{"atk":31,"def":31,"hp":31,"spa":31,"spd":31,"spe":31},"level":100,"moves":["closecombat","acrobatics","swordsdance","throatchop"],"name":"Hawlucha","nature":"Adamant","species":"Hawlucha"},{"ability":"skilllink","evs":{"atk":252,"def":0,"hp":0,"spa":0,"spd":0,"spe":252},"happiness":160,"item":"whiteherb","ivs":{"atk":31,"def":31,"hp":31,"spa":31,"spd":31,"spe":31},"level":100,"moves":["iciclespear","rockblast","liquidation","shellsmash"],"name":"Cloyster","nature":"Jolly","species":"Cloyster"}],"roomid":1023807,"score":[5,1],"seed":[36305,40256,51137,43243],"timestamp":"Sat Dec 28 2019 09:XX","turns":29,"winner":"122679","rated_battle":true,"average_rating":1268}