{"endType":"forfeit","format":"gen8ou","inputLog":[">version aa9f8c6b9cf4eca780a1296832ecd3b0009641e0",">version-origin 5e8529faaa5905c5f8e15eafaaefa806ee8c7d06",">start {\"formatid\":\"gen8ou\",\"seed\":[18581,27338,18417,36491],\"rated\":\"Rated battle\"}",">player p1 {\"\"name\":\"21250\",\"rating\":1385}",">player p2 {\"\"name\":\"30636\",\"rating\":1334}",">p1 team 3, 2, 1, 4, 5, 6",">p2 team 5, 2, 3, 4, 1, 6",">p1 move earthquake",">p2 switch 4",">p1 move stealthrock",">p2 move bulkup",">p1 switch 5",">p2 move bulkup",">p1 move overheat",">p2 move powertrip",">p2 switch 4",">p1 switch 4",">p2 move hydropump",">p1 move uturn",">p2 move thunderwave",">p1 switch 6",">p1 move toxic",">p2 move voltswitch",">p2 switch 2",">p1 move scald",">p2 move rockslide",">p1 move scald",">p2 move earthquake",">p1 switch 6",">p1 move fireblast",">p2 switch 5",">p1 switch 3",">p2 move dragondarts",">p1 move mysticalfire",">p2 move shadowball",">p1 switch 2",">p2 move shadowball",">p1 move uturn",">p2 move thunderbolt",">p1 switch 4",">p2 switch 3",">p1 move voltswitch",">p2 move stealthrock",">p1 switch 2",">p1 move drainingkiss",">p2 move firepunch",">p1 switch 3",">p1 move uturn",">p2 move crunch",">p1 switch 4",">p1 move uturn",">p2 move stoneedge",">p1 switch 4",">p1 switch 4",">p1 move foulplay",">p2 switch 5",">p2 switch 2",">p1 move uturn",">p2 move hydropump",">p1 switch 5",">p1 move earthquake",">p2 move willowisp",">p2 switch 6",">p1 move earthquake",">p2 move ironhead"],"log":["|j|\u260621250","|j|\u260630636","|player|p1|21250|102|1385","|player|p2|30636|102|1334","|teamsize|p1|6","|teamsize|p2|6","|gametype|singles","|gen|8","|tier|[Gen 8] OU","|rated|","|rule|Sleep Clause Mod: Limit one foe put to sleep","|rule|Species Clause: Limit one of each Pok\u00e9mon","|rule|OHKO Clause: OHKO moves are banned","|rule|Evasion Moves Clause: Evasion moves are banned","|rule|Endless Battle Clause: Forcing endless battles is banned","|rule|HP Percentage Mod: HP is shown in percentages","|clearpoke","|poke|p1|Hatterene, F|","|poke|p1|Mandibuzz, F|","|poke|p1|Excadrill, F|","|poke|p1|Dragapult, M|","|poke|p1|Rotom-Heat|","|poke|p1|Toxapex, M|","|poke|p2|Dragapult, F|","|poke|p2|Excadrill, F|","|poke|p2|Tyranitar, M|","|poke|p2|Corviknight, M|","|poke|p2|Rotom-Wash|","|poke|p2|Ditto|","|rule|Dynamax Clause: You cannot dynamax","|teampreview","|","|start","|switch|p1a: The Drill|Excadrill, F|361\/361","|switch|p2a: Rotom|Rotom-Wash|304\/304","|-ability|p1a: The Drill|Mold Breaker","|turn|1","|","|switch|p2a: Corviknight|Corviknight, M|400\/400","|move|p1a: The Drill|Earthquake|p2a: Corviknight","|-immune|p2a: Corviknight","|","|upkeep","|turn|2","|","|move|p1a: The Drill|Stealth Rock|p2a: Corviknight","|-sidestart30636|move: Stealth Rock","|move|p2a: Corviknight|Bulk Up|p2a: Corviknight","|-boost|p2a: Corviknight|atk|1","|-boost|p2a: Corviknight|def|1","|","|upkeep","|turn|3","|","|switch|p1a: The Heat|Rotom-Heat|241\/241","|move|p2a: Corviknight|Bulk Up|p2a: Corviknight","|-boost|p2a: Corviknight|atk|1","|-boost|p2a: Corviknight|def|1","|","|upkeep","|turn|4","|","|move|p1a: The Heat|Overheat|p2a: Corviknight","|-supereffective|p2a: Corviknight","|-damage|p2a: Corviknight|0 fnt","|-unboost|p1a: The Heat|spa|2","|faint|p2a: Corviknight","|","|upkeep","|","|switch|p2a: Rotom|Rotom-Wash|304\/304","|-damage|p2a: Rotom|266\/304|[from] Stealth Rock","|turn|5","|","|switch|p1a: The Pult|Dragapult, M|317\/317","|move|p2a: Rotom|Hydro Pump|p1a: The Pult","|-resisted|p1a: The Pult","|-damage|p1a: The Pult|230\/317","|","|-heal|p2a: Rotom|285\/304|[from] item: Leftovers","|upkeep","|turn|6","|","|move|p1a: The Pult|U-turn|p2a: Rotom","|-damage|p2a: Rotom|204\/304","|","|switch|p1a: The Pex|Toxapex, M|304\/304","|move|p2a: Rotom|Thunder Wave|p1a: The Pex","|-status|p1a: The Pex|par","|","|-heal|p2a: Rotom|223\/304|[from] item: Leftovers","|upkeep","|turn|7","|","|move|p2a: Rotom|Volt Switch|p1a: The Pex","|-supereffective|p1a: The Pex","|-damage|p1a: The Pex|212\/304 par","|","|switch|p2a: Excadrill|Excadrill, F|361\/361","|-damage|p2a: Excadrill|350\/361|[from] Stealth Rock","|move|p1a: The Pex|Toxic|p2a: Excadrill","|-immune|p2a: Excadrill","|","|-heal|p2a: Excadrill|361\/361|[from] item: Leftovers","|-heal|p1a: The Pex|231\/304 par|[from] item: Black Sludge","|upkeep","|turn|8","|","|move|p2a: Excadrill|Rock Slide|p1a: The Pex","|-damage|p1a: The Pex|159\/304 par","|move|p1a: The Pex|Scald|p2a: Excadrill","|-supereffective|p2a: Excadrill","|-damage|p2a: Excadrill|199\/361","|","|-heal|p2a: Excadrill|221\/361|[from] item: Leftovers","|-heal|p1a: The Pex|178\/304 par|[from] item: Black Sludge","|upkeep","|turn|9","|","|move|p2a: Excadrill|Earthquake|p1a: The Pex","|-supereffective|p1a: The Pex","|-damage|p1a: The Pex|0 fnt","|faint|p1a: The Pex","|","|-heal|p2a: Excadrill|243\/361|[from] item: Leftovers","|upkeep","|","|switch|p1a: The Pult|Dragapult, M|230\/317","|turn|10","|","|switch|p2a: Dragapult|Dragapult, F|317\/317","|-damage|p2a: Dragapult|278\/317|[from] Stealth Rock","|move|p1a: The Pult|Fire Blast|p2a: Dragapult","|-resisted|p2a: Dragapult","|-damage|p2a: Dragapult|213\/317","|","|upkeep","|turn|11","|","|switch|p1a: The Hat|Hatterene, F|318\/318","|move|p2a: Dragapult|Dragon Darts|p1a: The Hat","|-immune|p1a: The Hat","|","|upkeep","|turn|12","|","|move|p2a: Dragapult|Shadow Ball|p1a: The Hat","|-supereffective|p1a: The Hat","|-damage|p1a: The Hat|22\/318","|-damage|p2a: Dragapult|182\/317|[from] item: Life Orb","|move|p1a: The Hat|Mystical Fire|p2a: Dragapult","|-resisted|p2a: Dragapult","|-crit|p2a: Dragapult","|-damage|p2a: Dragapult|75\/317","|-unboost|p2a: Dragapult|spa|1","|","|-heal|p1a: The Hat|41\/318|[from] item: Leftovers","|upkeep","|turn|13","|","|switch|p1a: The Buzz|Mandibuzz, F|423\/423","|move|p2a: Dragapult|Shadow Ball|p1a: The Buzz","|-resisted|p1a: The Buzz","|-damage|p1a: The Buzz|367\/423","|-damage|p2a: Dragapult|44\/317|[from] item: Life Orb","|","|upkeep","|turn|14","|","|move|p2a: Dragapult|Thunderbolt|p1a: The Buzz","|-supereffective|p1a: The Buzz","|-damage|p1a: The Buzz|221\/423","|-damage|p2a: Dragapult|13\/317|[from] item: Life Orb","|move|p1a: The Buzz|U-turn|p2a: Dragapult","|-resisted|p2a: Dragapult","|-damage|p2a: Dragapult|0 fnt","|faint|p2a: Dragapult","|","|switch|p1a: The Heat|Rotom-Heat|241\/241","|","|upkeep","|","|switch|p2a: Tyranitar|Tyranitar, M|403\/403","|-damage|p2a: Tyranitar|353\/403|[from] Stealth Rock","|-weather|Sandstorm|[from] ability: Sand Stream|[of] p2a: Tyranitar","|turn|15","|","|move|p1a: The Heat|Volt Switch|p2a: Tyranitar","|-damage|p2a: Tyranitar|280\/403","|","|switch|p1a: The Hat|Hatterene, F|41\/318","|move|p2a: Tyranitar|Stealth Rock|p1a: The Hat","|move|p1a: The Hat|Stealth Rock||[from]Magic Bounce|[still]","|-fail|p1a: The Hat","|","|-weather|Sandstorm|[upkeep]","|-damage|p1a: The Hat|22\/318|[from] Sandstorm","|-heal|p1a: The Hat|41\/318|[from] item: Leftovers","|upkeep","|turn|16","|","|move|p2a: Tyranitar|Fire Punch|p1a: The Hat","|-damage|p1a: The Hat|0 fnt","|faint|p1a: The Hat","|","|-weather|Sandstorm|[upkeep]","|upkeep","|","|switch|p1a: The Pult|Dragapult, M|230\/317","|turn|17","|","|move|p1a: The Pult|U-turn|p2a: Tyranitar","|-supereffective|p2a: Tyranitar","|-damage|p2a: Tyranitar|76\/403","|","|switch|p1a: The Buzz|Mandibuzz, F|221\/423","|move|p2a: Tyranitar|Crunch|p1a: The Buzz","|-resisted|p1a: The Buzz","|-damage|p1a: The Buzz|162\/423","|","|-weather|Sandstorm|[upkeep]","|upkeep","|turn|18","|","|move|p1a: The Buzz|U-turn|p2a: Tyranitar","|-supereffective|p2a: Tyranitar","|-damage|p2a: Tyranitar|4\/403","|","|switch|p1a: The Pult|Dragapult, M|230\/317","|move|p2a: Tyranitar|Stone Edge|p1a: The Pult","|-crit|p1a: The Pult","|-damage|p1a: The Pult|0 fnt","|faint|p1a: The Pult","|","|-weather|Sandstorm|[upkeep]","|upkeep","|","|switch|p1a: The Buzz|Mandibuzz, F|162\/423","|turn|19","|","|switch|p2a: Excadrill|Excadrill, F|243\/361","|-damage|p2a: Excadrill|232\/361|[from] Stealth Rock","|move|p1a: The Buzz|Foul Play|p2a: Excadrill","|-damage|p2a: Excadrill|0 fnt","|faint|p2a: Excadrill","|","|-weather|Sandstorm|[upkeep]","|upkeep","|","|switch|p2a: Rotom|Rotom-Wash|223\/304","|-damage|p2a: Rotom|185\/304|[from] Stealth Rock","|turn|20","|","|move|p2a: Rotom|Hydro Pump|p1a: The Buzz","|-damage|p1a: The Buzz|26\/423","|move|p1a: The Buzz|U-turn|p2a: Rotom","|-damage|p2a: Rotom|158\/304","|","|switch|p1a: The Drill|Excadrill, F|361\/361","|-ability|p1a: The Drill|Mold Breaker","|","|-weather|Sandstorm|[upkeep]","|-damage|p2a: Rotom|139\/304|[from] Sandstorm","|-heal|p2a: Rotom|158\/304|[from] item: Leftovers","|upkeep","|turn|21","|","|move|p1a: The Drill|Earthquake|p2a: Rotom","|-supereffective|p2a: Rotom","|-crit|p2a: Rotom","|-damage|p2a: Rotom|0 fnt","|faint|p2a: Rotom","|","|-weather|Sandstorm|[upkeep]","|upkeep","|","|switch|p2a: Ditto|Ditto|299\/299","|-damage|p2a: Ditto|262\/299|[from] Stealth Rock","|-transform|p2a: Ditto|p1a: The Drill|[from] ability: Imposter","|-ability|p2a: Ditto|Mold Breaker","|turn|22","|","|move|p2a: Ditto|Iron Head|p1a: The Drill","|-resisted|p1a: The Drill","|-damage|p1a: The Drill|253\/361","|move|p1a: The Drill|Earthquake|p2a: Ditto","|-supereffective|p2a: Ditto","|-damage|p2a: Ditto|0 fnt","|faint|p2a: Ditto","|","|-weather|none","|upkeep","|-message|30636 forfeited.","|","|win|21250","|l|\u260630636","|l|\u260621250","|raw|21250's rating: 1385 &rarr; <strong>1402<\/strong><br \/>(+17 for winning)","|raw|30636's rating: 1334 &rarr; <strong>1317<\/strong><br \/>(-17 for losing)",""],"p1":"21250","p1rating":1385,"p1team":[{"ability":"magicbounce","evs":{"atk":0,"def":0,"hp":252,"spa":252,"spd":4,"spe":0},"gender":"F","happiness":160,"item":"leftovers","ivs":{"atk":0,"def":31,"hp":31,"spa":31,"spd":31,"spe":31},"level":100,"moves":["calmmind","mysticalfire","drainingkiss","psychic"],"name":"The Hat","nature":"Modest","species":"hatterene"},{"ability":"overcoat","evs":{"atk":0,"def":252,"hp":248,"spa":0,"spd":8,"spe":0},"gender":"F","happiness":160,"item":"heavydutyboots","ivs":{"atk":31,"def":31,"hp":31,"spa":31,"spd":31,"spe":31},"level":100,"moves":["defog","foulplay","roost","uturn"],"name":"The Buzz","nature":"Impish","species":"mandibuzz"},{"ability":"moldbreaker","evs":{"atk":252,"def":0,"hp":0,"spa":0,"spd":4,"spe":252},"happiness":160,"item":"focussash","ivs":{"atk":31,"def":31,"hp":31,"spa":31,"spd":31,"spe":31},"level":100,"moves":["earthquake","ironhead","rapidspin","stealthrock"],"name":"The Drill","nature":"Jolly","species":"excadrill"},{"ability":"infiltrator","evs":{"atk":252,"def":0,"hp":0,"spa":4,"spd":0,"spe":252},"happiness":160,"item":"choiceband","ivs":{"atk":31,"def":31,"hp":31,"spa":31,"spd":31,"spe":31},"level":100,"moves":["fireblast","uturn","dragondarts","phantomforce"],"name":"The Pult","nature":"Hasty","species":"dragapult"},{"ability":"levitate","evs":{"atk":0,"def":0,"hp":0,"spa":252,"spd":4,"spe":252},"gender":"N","happiness":160,"item":"choicescarf","ivs":{"atk":0,"def":31,"hp":31,"spa":31,"spd":31,"spe":31},"level":100,"moves":["overheat","willowisp","trick","voltswitch"],"name":"The Heat","nature":"Timid","species":"rotomheat"},{"ability":"regenerator","evs":{"atk":0,"def":4,"hp":252,"spa":0,"spd":252,"spe":0},"happiness":160,"item":"blacksludge","ivs":{"atk":0,"def":31,"hp":31,"spa":31,"spd":31,"spe":31},"level":100,"moves":["haze","recover","scald","toxic"],"name":"The Pex","nature":"Calm","species":"toxapex"}],"p2":"30636","p2rating":1334,"p2team":[{"ability":"infiltrator","evs":{"atk":48,"def":0,"hp":0,"spa":208,"spd":0,"spe":252},"happiness":160,"item":"lifeorb","ivs":{"atk":31,"def":31,"hp":31,"spa":31,"spd":31,"spe":31},"level":100,"moves":["dragondarts","fireblast","thunderbolt","shadowball"],"name":"Dragapult","nature":"Naive","species":"Dragapult"},{"ability":"sandrush","evs":{"atk":252,"def":0,"hp":0,"spa":0,"spd":4,"spe":252},"happiness":160,"item":"leftovers","ivs":{"atk":31,"def":31,"hp":31,"spa":31,"spd":31,"spe":31},"level":100,"moves":["earthquake","ironhead","rockslide","rapidspin"],"name":"Excadrill","nature":"Adamant","species":"Excadrill"},{"ability":"sandstream","evs":{"atk":216,"def":0,"hp":248,"spa":0,"spd":0,"spe":44},"happiness":160,"item":"smoothrock","ivs":{"atk":31,"def":31,"hp":31,"spa":31,"spd":31,"spe":31},"level":100,"moves":["stealthrock","firepunch","stoneedge","crunch"],"name":"Tyranitar","nature":"Adamant","species":"Tyranitar"},{"ability":"mirrorarmor","evs":{"atk":0,"def":0,"hp":252,"spa":0,"spd":4,"spe":252},"happiness":160,"item":"leftovers","ivs":{"atk":31,"def":31,"hp":31,"spa":31,"spd":31,"spe":31},"level":100,"moves":["bulkup","roost","bravebird","powertrip"],"name":"Corviknight","nature":"Jolly","species":"Corviknight"},{"ability":"levitate","evs":{"atk":0,"def":252,"hp":252,"spa":0,"spd":4,"spe":0},"gender":"N","happiness":160,"item":"leftovers","ivs":{"atk":0,"def":31,"hp":31,"spa":31,"spd":31,"spe":31},"level":100,"moves":["voltswitch","hydropump","willowisp","thunderwave"],"name":"Rotom","nature":"Bold","species":"rotomwash"},{"ability":"imposter","evs":{"atk":8,"def":252,"hp":248,"spa":0,"spd":0,"spe":0},"gender":"N","happiness":160,"item":"choicescarf","ivs":{"atk":0,"def":31,"hp":31,"spa":31,"spd":31,"spe":31},"level":100,"moves":["transform"],"name":"Ditto","nature":"Relaxed","species":"Ditto"}],"roomid":1022891,"score":[3,1],"seed":[18581,27338,18417,36491],"timestamp":"Sat Dec 28 2019 21:XX","turns":22,"winner":"21250","rated_battle":true,"average_rating":1359}