{"endType":"normal","format":"gen8ou","inputLog":[">version aa9f8c6b9cf4eca780a1296832ecd3b0009641e0",">version-origin 5e8529faaa5905c5f8e15eafaaefa806ee8c7d06",">start {\"formatid\":\"gen8ou\",\"seed\":[204,34449,15351,48561],\"rated\":\"Rated battle\"}",">player p1 {\"\"name\":\"29633\",\"rating\":1298}",">player p2 {\"\"name\":\"12430\",\"rating\":1353}",">p1 team 4, 2, 3, 1, 5, 6",">p2 team 3, 2, 1, 4, 5, 6",">p1 move ironhead",">p2 move uturn",">p2 switch 3",">p1 move earthquake",">p2 move powerwhip",">p1 switch 4",">p1 move octolock",">p2 move stealthrock",">p1 move poweruppunch",">p2 move leechseed",">p1 move poweruppunch",">p2 move gyroball",">p2 switch 6",">p1 move poweruppunch",">p2 move foulplay",">p1 switch 5",">p1 move quiverdance",">p2 move toxic",">p1 move quiverdance",">p2 move toxic",">p1 move icebeam",">p2 move roost",">p2 switch 5",">p1 move bugbuzz",">p2 move suckerpunch",">p1 move bugbuzz",">p2 move suckerpunch",">p1 switch 2",">p1 move knockoff",">p2 switch 3",">p1 move knockoff",">p2 move uturn",">p2 switch 3",">p1 move knockoff",">p2 move pyroball",">p1 switch 6",">p1 move psychic",">p2 move pyroball",">p2 switch 4",">p1 move psychic",">p2 move dragondance",">p1 move psychic",">p2 move dragondance",">p1 move psychic",">p2 move waterfall",">p1 switch 3",">p1 move hex",">p2 move earthquake"],"log":["|j|\u260629633","|j|\u260612430","|player|p1|29633|101|1298","|player|p2|12430|265|1353","|teamsize|p1|6","|teamsize|p2|6","|gametype|singles","|gen|8","|tier|[Gen 8] OU","|rated|","|rule|Sleep Clause Mod: Limit one foe put to sleep","|rule|Species Clause: Limit one of each Pok\u00e9mon","|rule|OHKO Clause: OHKO moves are banned","|rule|Evasion Moves Clause: Evasion moves are banned","|rule|Endless Battle Clause: Forcing endless battles is banned","|rule|HP Percentage Mod: HP is shown in percentages","|clearpoke","|poke|p1|Grapploct, M|","|poke|p1|Obstagoon, M|","|poke|p1|Jellicent, M|","|poke|p1|Excadrill, M|","|poke|p1|Frosmoth, M|","|poke|p1|Gardevoir, M|","|poke|p2|Ferrothorn, M|","|poke|p2|Toxtricity, F|","|poke|p2|Darmanitan-Galar, M|","|poke|p2|Gyarados, F|","|poke|p2|Cinderace, F|","|poke|p2|Mandibuzz, F|","|rule|Dynamax Clause: You cannot dynamax","|teampreview","|","|start","|switch|p1a: Excadrill|Excadrill, M|361\/361","|switch|p2a: Darmanitan|Darmanitan-Galar, M|351\/351","|-ability|p1a: Excadrill|Mold Breaker","|turn|1","|","|move|p2a: Darmanitan|U-turn|p1a: Excadrill","|-resisted|p1a: Excadrill","|-damage|p1a: Excadrill|254\/361","|","|switch|p2a: Ferrothorn|Ferrothorn, M|351\/351","|move|p1a: Excadrill|Iron Head|p2a: Ferrothorn","|-resisted|p2a: Ferrothorn","|-damage|p2a: Ferrothorn|308\/351","|-damage|p1a: Excadrill|209\/361|[from] ability: Iron Barbs|[of] p2a: Ferrothorn","|-damage|p1a: Excadrill|149\/361|[from] item: Rocky Helmet|[of] p2a: Ferrothorn","|","|upkeep","|turn|2","|","|move|p1a: Excadrill|Earthquake|p2a: Ferrothorn","|-damage|p2a: Ferrothorn|205\/351","|move|p2a: Ferrothorn|Power Whip|p1a: Excadrill","|-damage|p1a: Excadrill|0 fnt","|faint|p1a: Excadrill","|","|upkeep","|","|switch|p1a: Grapploct|Grapploct, M|364\/364","|turn|3","|","|move|p1a: Grapploct|Octolock|p2a: Ferrothorn","|-activate|p2a: Ferrothorn|move: Octolock|[of] p1a: Grapploct","|move|p2a: Ferrothorn|Stealth Rock|p1a: Grapploct","|-sidestart29633|move: Stealth Rock","|","|-unboost|p2a: Ferrothorn|def|1","|-unboost|p2a: Ferrothorn|spd|1","|upkeep","|turn|4","|","|move|p1a: Grapploct|Power-Up Punch|p2a: Ferrothorn","|-supereffective|p2a: Ferrothorn","|-damage|p2a: Ferrothorn|49\/351","|-damage|p1a: Grapploct|319\/364|[from] ability: Iron Barbs|[of] p2a: Ferrothorn","|-damage|p1a: Grapploct|259\/364|[from] item: Rocky Helmet|[of] p2a: Ferrothorn","|-boost|p1a: Grapploct|atk|1","|move|p2a: Ferrothorn|Leech Seed|p1a: Grapploct","|-start|p1a: Grapploct|move: Leech Seed","|","|-heal|p1a: Grapploct|281\/364|[from] item: Leftovers","|-damage|p1a: Grapploct|236\/364|[from] Leech Seed|[of] p2a: Ferrothorn","|-heal|p2a: Ferrothorn|94\/351|[silent]","|-unboost|p2a: Ferrothorn|def|1","|-unboost|p2a: Ferrothorn|spd|1","|upkeep","|turn|5","|","|move|p1a: Grapploct|Power-Up Punch|p2a: Ferrothorn","|-supereffective|p2a: Ferrothorn","|-damage|p2a: Ferrothorn|0 fnt","|-damage|p1a: Grapploct|191\/364|[from] ability: Iron Barbs|[of] p2a: Ferrothorn","|-damage|p1a: Grapploct|131\/364|[from] item: Rocky Helmet|[of] p2a: Ferrothorn","|-boost|p1a: Grapploct|atk|1","|faint|p2a: Ferrothorn","|","|-heal|p1a: Grapploct|153\/364|[from] item: Leftovers","|upkeep","|","|switch|p2a: Mandibuzz|Mandibuzz, F|424\/424","|turn|6","|","|move|p2a: Mandibuzz|Foul Play|p1a: Grapploct","|-resisted|p1a: Grapploct","|-damage|p1a: Grapploct|57\/364","|move|p1a: Grapploct|Power-Up Punch|p2a: Mandibuzz","|-damage|p2a: Mandibuzz|264\/424","|-damage|p1a: Grapploct|0 fnt|[from] item: Rocky Helmet|[of] p2a: Mandibuzz","|faint|p1a: Grapploct","|","|upkeep","|","|switch|p1a: Frosmoth|Frosmoth, M|281\/281","|turn|7","|","|move|p1a: Frosmoth|Quiver Dance|p1a: Frosmoth","|-boost|p1a: Frosmoth|spa|1","|-boost|p1a: Frosmoth|spd|1","|-boost|p1a: Frosmoth|spe|1","|move|p2a: Mandibuzz|Toxic|p1a: Frosmoth|[miss]","|-miss|p2a: Mandibuzz|p1a: Frosmoth","|","|upkeep","|turn|8","|","|move|p1a: Frosmoth|Quiver Dance|p1a: Frosmoth","|-boost|p1a: Frosmoth|spa|1","|-boost|p1a: Frosmoth|spd|1","|-boost|p1a: Frosmoth|spe|1","|move|p2a: Mandibuzz|Toxic|p1a: Frosmoth","|-status|p1a: Frosmoth|tox","|","|-damage|p1a: Frosmoth|264\/281 tox|[from] psn","|upkeep","|turn|9","|","|move|p1a: Frosmoth|Ice Beam|p2a: Mandibuzz","|-supereffective|p2a: Mandibuzz","|-damage|p2a: Mandibuzz|0 fnt","|faint|p2a: Mandibuzz","|","|-damage|p1a: Frosmoth|230\/281 tox|[from] psn","|upkeep","|","|switch|p2a: Cinderace|Cinderace, F|301\/301","|turn|10","|","|move|p2a: Cinderace|Sucker Punch|p1a: Frosmoth","|-damage|p1a: Frosmoth|121\/281 tox","|move|p1a: Frosmoth|Bug Buzz|p2a: Cinderace","|-resisted|p2a: Cinderace","|-damage|p2a: Cinderace|101\/301","|","|-damage|p1a: Frosmoth|70\/281 tox|[from] psn","|upkeep","|turn|11","|","|move|p2a: Cinderace|Sucker Punch|p1a: Frosmoth","|-damage|p1a: Frosmoth|0 fnt","|faint|p1a: Frosmoth","|","|upkeep","|","|switch|p1a: Obstagoon|Obstagoon, M|328\/328","|-damage|p1a: Obstagoon|287\/328|[from] Stealth Rock","|turn|12","|","|switch|p2a: Darmanitan|Darmanitan-Galar, M|351\/351","|move|p1a: Obstagoon|Knock Off|p2a: Darmanitan","|-damage|p2a: Darmanitan|38\/351","|-enditem|p2a: Darmanitan|Choice Scarf|[from] move: Knock Off|[of] p1a: Obstagoon","|","|upkeep","|turn|13","|","|move|p1a: Obstagoon|Knock Off|p2a: Darmanitan","|-damage|p2a: Darmanitan|0 fnt","|faint|p2a: Darmanitan","|","|upkeep","|","|switch|p2a: Cinderace|Cinderace, F|101\/301","|turn|14","|","|move|p2a: Cinderace|Pyro Ball|p1a: Obstagoon","|-crit|p1a: Obstagoon","|-damage|p1a: Obstagoon|0 fnt","|faint|p1a: Obstagoon","|","|upkeep","|","|switch|p1a: Gardevoir|Gardevoir, M|277\/277","|-damage|p1a: Gardevoir|243\/277|[from] Stealth Rock","|-ability|p1a: Gardevoir|Blaze|[from] ability: Trace|[of] p2a: Cinderace","|turn|15","|","|move|p1a: Gardevoir|Psychic|p2a: Cinderace","|-damage|p2a: Cinderace|0 fnt","|faint|p2a: Cinderace","|","|upkeep","|","|switch|p2a: Gyarados|Gyarados, F|331\/331","|turn|16","|","|move|p1a: Gardevoir|Psychic|p2a: Gyarados","|-damage|p2a: Gyarados|168\/331","|move|p2a: Gyarados|Dragon Dance|p2a: Gyarados","|-boost|p2a: Gyarados|atk|1","|-boost|p2a: Gyarados|spe|1","|","|-heal|p2a: Gyarados|188\/331|[from] item: Leftovers","|upkeep","|turn|17","|","|move|p2a: Gyarados|Dragon Dance|p2a: Gyarados","|-boost|p2a: Gyarados|atk|1","|-boost|p2a: Gyarados|spe|1","|move|p1a: Gardevoir|Psychic|p2a: Gyarados","|-damage|p2a: Gyarados|22\/331","|","|-heal|p2a: Gyarados|42\/331|[from] item: Leftovers","|upkeep","|turn|18","|","|move|p2a: Gyarados|Waterfall|p1a: Gardevoir","|-damage|p1a: Gardevoir|0 fnt","|faint|p1a: Gardevoir","|-ability|p2a: Gyarados|Moxie|boost","|-boost|p2a: Gyarados|atk|1","|","|-heal|p2a: Gyarados|62\/331|[from] item: Leftovers","|upkeep","|","|switch|p1a: Jellicent|Jellicent, M|404\/404","|-damage|p1a: Jellicent|354\/404|[from] Stealth Rock","|turn|19","|","|move|p2a: Gyarados|Earthquake|p1a: Jellicent","|-damage|p1a: Jellicent|0 fnt","|faint|p1a: Jellicent","|","|win|12430","|raw|29633's rating: 1298 &rarr; <strong>1277<\/strong><br \/>(-21 for losing)","|raw|12430's rating: 1353 &rarr; <strong>1370<\/strong><br \/>(+17 for winning)",""],"p1":"29633","p1rating":1298,"p1team":[{"ability":"technician","evs":{"atk":4,"def":252,"hp":252,"spa":0,"spd":0,"spe":0},"happiness":160,"item":"leftovers","ivs":{"atk":31,"def":31,"hp":31,"spa":31,"spd":31,"spe":31},"level":100,"moves":["octolock","protect","suckerpunch","poweruppunch"],"name":"Grapploct","nature":"Impish","species":"Grapploct"},{"ability":"guts","evs":{"atk":252,"def":0,"hp":4,"spa":0,"spd":0,"spe":252},"happiness":160,"item":"choiceband","ivs":{"atk":31,"def":31,"hp":31,"spa":31,"spd":31,"spe":31},"level":100,"moves":["partingshot","knockoff","facade","switcheroo"],"name":"Obstagoon","nature":"Jolly","species":"Obstagoon"},{"ability":"waterabsorb","evs":{"atk":0,"def":0,"hp":252,"spa":4,"spd":252,"spe":0},"happiness":160,"item":"leftovers","ivs":{"atk":0,"def":31,"hp":31,"spa":31,"spd":31,"spe":31},"level":100,"moves":["willowisp","hex","scald","strengthsap"],"name":"Jellicent","nature":"Calm","species":"Jellicent"},{"ability":"moldbreaker","evs":{"atk":252,"def":0,"hp":0,"spa":0,"spd":4,"spe":252},"happiness":160,"item":"focussash","ivs":{"atk":31,"def":31,"hp":31,"spa":31,"spd":31,"spe":31},"level":100,"moves":["rapidspin","earthquake","ironhead","swordsdance"],"name":"Excadrill","nature":"Jolly","species":"Excadrill"},{"ability":"icescales","evs":{"atk":0,"def":0,"hp":0,"spa":252,"spd":4,"spe":252},"happiness":160,"item":"heavydutyboots","ivs":{"atk":0,"def":31,"hp":31,"spa":31,"spd":31,"spe":31},"level":100,"moves":["quiverdance","gigadrain","bugbuzz","icebeam"],"name":"Frosmoth","nature":"Modest","species":"Frosmoth"},{"ability":"trace","evs":{"atk":0,"def":0,"hp":0,"spa":252,"spd":4,"spe":252},"happiness":160,"item":"choicescarf","ivs":{"atk":0,"def":31,"hp":31,"spa":31,"spd":31,"spe":31},"level":100,"moves":["trick","psychic","moonblast","mysticalfire"],"name":"Gardevoir","nature":"Modest","species":"Gardevoir"}],"p2":"12430","p2rating":1353,"p2team":[{"ability":"ironbarbs","evs":{"atk":8,"def":252,"hp":248,"spa":0,"spd":0,"spe":0},"happiness":160,"item":"rockyhelmet","ivs":{"atk":31,"def":31,"hp":31,"spa":31,"spd":31,"spe":0},"level":100,"moves":["stealthrock","powerwhip","gyroball","leechseed"],"name":"Ferrothorn","nature":"Relaxed","species":"Ferrothorn"},{"ability":"punkrock","evs":{"atk":0,"def":0,"hp":0,"spa":252,"spd":4,"spe":252},"happiness":160,"item":"throatspray","ivs":{"atk":0,"def":31,"hp":31,"spa":31,"spd":31,"spe":31},"level":100,"moves":["overdrive","sludgewave","boomburst","shiftgear"],"name":"Toxtricity","nature":"Modest","species":"Toxtricity"},{"ability":"gorillatactics","evs":{"atk":252,"def":0,"hp":0,"spa":0,"spd":4,"spe":252},"happiness":160,"item":"choicescarf","ivs":{"atk":31,"def":31,"hp":31,"spa":31,"spd":31,"spe":31},"level":100,"moves":["iciclecrash","flareblitz","uturn","earthquake"],"name":"Darmanitan","nature":"Adamant","species":"darmanitangalar"},{"ability":"moxie","evs":{"atk":252,"def":0,"hp":0,"spa":0,"spd":4,"spe":252},"happiness":160,"item":"leftovers","ivs":{"atk":31,"def":31,"hp":31,"spa":31,"spd":31,"spe":31},"level":100,"moves":["dragondance","waterfall","earthquake","substitute"],"name":"Gyarados","nature":"Adamant","species":"Gyarados"},{"ability":"blaze","evs":{"atk":252,"def":0,"hp":0,"spa":0,"spd":4,"spe":252},"happiness":160,"item":"ejectpack","ivs":{"atk":31,"def":31,"hp":31,"spa":31,"spd":31,"spe":31},"level":100,"moves":["highjumpkick","pyroball","suckerpunch","courtchange"],"name":"Cinderace","nature":"Jolly","species":"Cinderace"},{"ability":"overcoat","evs":{"atk":0,"def":4,"hp":252,"spa":0,"spd":252,"spe":0},"gender":"F","happiness":160,"item":"rockyhelmet","ivs":{"atk":0,"def":31,"hp":31,"spa":31,"spd":31,"spe":31},"level":100,"moves":["foulplay","defog","roost","toxic"],"name":"Mandibuzz","nature":"Careful","species":"Mandibuzz"}],"roomid":101129,"score":[0,2],"seed":[204,34449,15351,48561],"timestamp":"Mon Dec 30 2019 06:XX","turns":19,"winner":"12430","rated_battle":true,"average_rating":1325}