{"endType":"forfeit","format":"gen8ou","inputLog":[">version aa9f8c6b9cf4eca780a1296832ecd3b0009641e0",">version-origin 5e8529faaa5905c5f8e15eafaaefa806ee8c7d06",">start {\"formatid\":\"gen8ou\",\"seed\":[46286,45994,45567,3940],\"rated\":\"Rated battle\"}",">player p1 {\"\"name\":\"24958\",\"rating\":1258}",">player p2 {\"\"name\":\"28211\",\"rating\":1320}",">p1 team 5, 2, 3, 4, 1, 6",">p2 team 1, 2, 3, 4, 5, 6",">p1 switch 3",">p2 move pyroball",">p1 move stealthrock",">p2 move uturn",">p2 switch 3",">p1 switch 2",">p2 move knockoff",">p1 move taunt",">p2 move leechseed",">p1 move bravebird",">p2 switch 3",">p1 move roost",">p2 move pyroball",">p1 switch 2",">p2 move courtchange",">p1 move stealthrock",">p2 move uturn",">p2 switch 5",">p1 switch 4",">p2 move shadowball",">p1 move psychic",">p2 move shadowball",">p1 switch 3",">p1 move darkestlariat",">p2 switch 3",">p1 move darkestlariat",">p2 move leechseed",">p2 switch 5",">p1 switch 4",">p2 move pyroball",">p1 move scald",">p2 move uturn",">p2 switch 6",">p1 move scald",">p2 move facade",">p1 switch 5",">p1 move dracometeor",">p2 move knockoff",">p2 switch 6",">p1 move dracometeor",">p2 move pyroball",">p2 switch 4",">p1 switch 6",">p2 move willowisp",">p1 move moonblast",">p2 move hex"],"log":["|j|\u260624958","|j|\u260628211","|player|p1|24958|sabrina|1258","|player|p2|28211|169|1320","|teamsize|p1|6","|teamsize|p2|6","|gametype|singles","|gen|8","|tier|[Gen 8] OU","|rated|","|rule|Sleep Clause Mod: Limit one foe put to sleep","|rule|Species Clause: Limit one of each Pok\u00e9mon","|rule|OHKO Clause: OHKO moves are banned","|rule|Evasion Moves Clause: Evasion moves are banned","|rule|Endless Battle Clause: Forcing endless battles is banned","|rule|HP Percentage Mod: HP is shown in percentages","|clearpoke","|poke|p1|Dragapult, M|","|poke|p1|Corviknight, M|","|poke|p1|Seismitoad, M|","|poke|p1|Hatterene, F|","|poke|p1|Grimmsnarl, M|","|poke|p1|Clefable, F|","|poke|p2|Cinderace, F|","|poke|p2|Ditto|","|poke|p2|Ferrothorn, M|","|poke|p2|Corsola-Galar, M|","|poke|p2|Dragapult, M|","|poke|p2|Obstagoon, M|","|rule|Dynamax Clause: You cannot dynamax","|teampreview","|","|start","|switch|p1a: Grimmsnarl|Grimmsnarl, M|394\/394","|switch|p2a: Cinderace|Cinderace, F|301\/301","|turn|1","|","|switch|p1a: Seismitoad|Seismitoad, M|414\/414","|move|p2a: Cinderace|Pyro Ball|p1a: Seismitoad","|-resisted|p1a: Seismitoad","|-damage|p1a: Seismitoad|327\/414","|-status|p1a: Seismitoad|brn","|","|-heal|p1a: Seismitoad|352\/414 brn|[from] item: Leftovers","|-damage|p1a: Seismitoad|327\/414 brn|[from] brn","|upkeep","|turn|2","|","|move|p2a: Cinderace|U-turn|p1a: Seismitoad","|-damage|p1a: Seismitoad|258\/414 brn","|","|switch|p2a: Ferrothorn|Ferrothorn, M|352\/352","|move|p1a: Seismitoad|Stealth Rock|p2a: Ferrothorn","|-sidestart28211|move: Stealth Rock","|","|-heal|p1a: Seismitoad|283\/414 brn|[from] item: Leftovers","|-damage|p1a: Seismitoad|258\/414 brn|[from] brn","|upkeep","|turn|3","|","|switch|p1a: Corviknight|Corviknight, M|399\/399","|-ability|p1a: Corviknight|Pressure","|move|p2a: Ferrothorn|Knock Off|p1a: Corviknight","|-damage|p1a: Corviknight|352\/399","|-enditem|p1a: Corviknight|Leftovers|[from] move: Knock Off|[of] p2a: Ferrothorn","|","|upkeep","|turn|4","|","|move|p1a: Corviknight|Taunt|p2a: Ferrothorn","|-start|p2a: Ferrothorn|move: Taunt","|cant|p2a: Ferrothorn|move: Taunt|Leech Seed","|","|upkeep","|turn|5","|","|switch|p2a: Cinderace|Cinderace, F|301\/301","|move|p1a: Corviknight|Brave Bird|p2a: Cinderace","|-damage|p2a: Cinderace|145\/301","|-damage|p1a: Corviknight|301\/399|[from] Recoil","|","|upkeep","|turn|6","|","|move|p2a: Cinderace|Pyro Ball|p1a: Corviknight","|-supereffective|p1a: Corviknight","|-damage|p1a: Corviknight|13\/399","|move|p1a: Corviknight|Roost|p1a: Corviknight","|-heal|p1a: Corviknight|213\/399","|-singleturn|p1a: Corviknight|move: Roost","|","|upkeep","|turn|7","|","|switch|p1a: Seismitoad|Seismitoad, M|258\/414 brn","|move|p2a: Cinderace|Court Change|p2a: Cinderace","|-sideend28211|Stealth Rock|[silent]","|-sidestart24958|Stealth Rock|[silent]","|-activate|p2a: Cinderace|move: Court Change","|","|-heal|p1a: Seismitoad|283\/414 brn|[from] item: Leftovers","|-damage|p1a: Seismitoad|258\/414 brn|[from] brn","|upkeep","|turn|8","|","|move|p2a: Cinderace|U-turn|p1a: Seismitoad","|-damage|p1a: Seismitoad|185\/414 brn","|","|switch|p2a: Dragapult|Dragapult, M|317\/317","|move|p1a: Seismitoad|Stealth Rock|p2a: Dragapult","|-sidestart28211|move: Stealth Rock","|","|-heal|p1a: Seismitoad|210\/414 brn|[from] item: Leftovers","|-damage|p1a: Seismitoad|185\/414 brn|[from] brn","|upkeep","|turn|9","|","|switch|p1a: Hatterene|Hatterene, F|318\/318","|-damage|p1a: Hatterene|279\/318|[from] Stealth Rock","|move|p2a: Dragapult|Shadow Ball|p1a: Hatterene","|-supereffective|p1a: Hatterene","|-damage|p1a: Hatterene|25\/318","|","|upkeep","|turn|10","|","|move|p2a: Dragapult|Shadow Ball|p1a: Hatterene","|-supereffective|p1a: Hatterene","|-damage|p1a: Hatterene|0 fnt","|faint|p1a: Hatterene","|","|upkeep","|","|switch|p1a: Grimmsnarl|Grimmsnarl, M|394\/394","|-damage|p1a: Grimmsnarl|345\/394|[from] Stealth Rock","|turn|11","|","|switch|p2a: Ferrothorn|Ferrothorn, M|352\/352","|-damage|p2a: Ferrothorn|330\/352|[from] Stealth Rock","|move|p1a: Grimmsnarl|Darkest Lariat|p2a: Ferrothorn","|-damage|p2a: Ferrothorn|131\/352","|-damage|p1a: Grimmsnarl|296\/394|[from] ability: Iron Barbs|[of] p2a: Ferrothorn","|","|-heal|p2a: Ferrothorn|153\/352|[from] item: Leftovers","|upkeep","|turn|12","|","|move|p1a: Grimmsnarl|Darkest Lariat|p2a: Ferrothorn","|-damage|p2a: Ferrothorn|0 fnt","|-damage|p1a: Grimmsnarl|247\/394|[from] ability: Iron Barbs|[of] p2a: Ferrothorn","|faint|p2a: Ferrothorn","|","|upkeep","|","|switch|p2a: Cinderace|Cinderace, F|145\/301","|turn|13","|","|switch|p1a: Seismitoad|Seismitoad, M|185\/414 brn","|-damage|p1a: Seismitoad|160\/414 brn|[from] Stealth Rock","|move|p2a: Cinderace|Pyro Ball|p1a: Seismitoad","|-resisted|p1a: Seismitoad","|-damage|p1a: Seismitoad|73\/414 brn","|","|-heal|p1a: Seismitoad|98\/414 brn|[from] item: Leftovers","|-damage|p1a: Seismitoad|73\/414 brn|[from] brn","|upkeep","|turn|14","|","|move|p2a: Cinderace|U-turn|p1a: Seismitoad","|-damage|p1a: Seismitoad|9\/414 brn","|","|switch|p2a: Obstagoon|Obstagoon, M|327\/327","|-damage|p2a: Obstagoon|287\/327|[from] Stealth Rock","|move|p1a: Seismitoad|Scald|p2a: Obstagoon","|-damage|p2a: Obstagoon|185\/327","|","|-heal|p1a: Seismitoad|34\/414 brn|[from] item: Leftovers","|-damage|p1a: Seismitoad|9\/414 brn|[from] brn","|-status|p2a: Obstagoon|brn|[from] item: Flame Orb","|upkeep","|turn|15","|","|move|p2a: Obstagoon|Facade|p1a: Seismitoad","|-damage|p1a: Seismitoad|0 fnt","|faint|p1a: Seismitoad","|","|-damage|p2a: Obstagoon|165\/327 brn|[from] brn","|upkeep","|","|switch|p1a: Dragapult|Dragapult, M|317\/317","|-damage|p1a: Dragapult|278\/317|[from] Stealth Rock","|turn|16","|","|move|p1a: Dragapult|Draco Meteor|p2a: Obstagoon","|-damage|p2a: Obstagoon|0 fnt","|-unboost|p1a: Dragapult|spa|2","|faint|p2a: Obstagoon","|","|upkeep","|","|switch|p2a: Cinderace|Cinderace, F|145\/301","|turn|17","|","|move|p1a: Dragapult|Draco Meteor|p2a: Cinderace","|-damage|p2a: Cinderace|0 fnt","|-unboost|p1a: Dragapult|spa|2","|faint|p2a: Cinderace","|","|upkeep","|","|switch|p2a: Corsola|Corsola-Galar, M|324\/324","|-damage|p2a: Corsola|284\/324|[from] Stealth Rock","|turn|18","|","|switch|p1a: Clefable|Clefable, F|394\/394","|move|p2a: Corsola|Will-O-Wisp|p1a: Clefable","|-status|p1a: Clefable|brn","|","|upkeep","|turn|19","|","|move|p1a: Clefable|Moonblast|p2a: Corsola","|-damage|p2a: Corsola|159\/324","|-unboost|p2a: Corsola|spa|1","|move|p2a: Corsola|Hex|p1a: Clefable","|-damage|p1a: Clefable|315\/394 brn","|","|upkeep","|turn|20","|-message|28211 forfeited.","|","|win|24958","|l|\u260628211","|raw|24958's rating: 1258 &rarr; <strong>1287<\/strong><br \/>(+29 for winning)","|raw|28211's rating: 1320 &rarr; <strong>1297<\/strong><br \/>(-23 for losing)",""],"p1":"24958","p1rating":1258,"p1team":[{"ability":"infiltrator","evs":{"atk":0,"def":0,"hp":0,"spa":252,"spd":4,"spe":252},"happiness":160,"item":"choicespecs","ivs":{"atk":0,"def":31,"hp":31,"spa":31,"spd":31,"spe":31},"level":100,"moves":["flamethrower","thunderbolt","shadowball","dracometeor"],"name":"Dragapult","nature":"Timid","species":"Dragapult"},{"ability":"pressure","evs":{"atk":8,"def":252,"hp":248,"spa":0,"spd":0,"spe":0},"happiness":160,"item":"leftovers","ivs":{"atk":31,"def":31,"hp":31,"spa":31,"spd":31,"spe":31},"level":100,"moves":["defog","bravebird","taunt","roost"],"name":"Corviknight","nature":"Impish","species":"Corviknight"},{"ability":"waterabsorb","evs":{"atk":0,"def":252,"hp":252,"spa":4,"spd":0,"spe":0},"happiness":160,"item":"leftovers","ivs":{"atk":0,"def":31,"hp":31,"spa":31,"spd":31,"spe":31},"level":100,"moves":["earthpower","scald","stealthrock","toxic"],"name":"Seismitoad","nature":"Bold","species":"Seismitoad"},{"ability":"magicbounce","evs":{"atk":0,"def":0,"hp":252,"spa":252,"spd":4,"spe":0},"gender":"F","happiness":160,"item":"assaultvest","ivs":{"atk":0,"def":31,"hp":31,"spa":31,"spd":31,"spe":31},"level":100,"moves":["gigadrain","mysticalfire","dazzlinggleam","psychic"],"name":"Hatterene","nature":"Modest","species":"Hatterene"},{"ability":"prankster","evs":{"atk":252,"def":0,"hp":252,"spa":0,"spd":4,"spe":0},"gender":"M","happiness":160,"item":"choiceband","ivs":{"atk":31,"def":31,"hp":31,"spa":31,"spd":31,"spe":31},"level":100,"moves":["trick","darkestlariat","suckerpunch","playrough"],"name":"Grimmsnarl","nature":"Adamant","species":"Grimmsnarl"},{"ability":"magicguard","evs":{"atk":0,"def":0,"hp":252,"spa":252,"spd":4,"spe":0},"happiness":160,"item":"lifeorb","ivs":{"atk":0,"def":31,"hp":31,"spa":31,"spd":31,"spe":31},"level":100,"moves":["calmmind","moonblast","thunderbolt","flamethrower"],"name":"Clefable","nature":"Modest","species":"Clefable"}],"p2":"28211","p2rating":1320,"p2team":[{"ability":"blaze","evs":{"atk":252,"def":0,"hp":0,"spa":0,"spd":4,"spe":252},"happiness":160,"item":"heavydutyboots","ivs":{"atk":31,"def":31,"hp":31,"spa":31,"spd":31,"spe":31},"level":100,"moves":["pyroball","uturn","suckerpunch","courtchange"],"name":"Cinderace","nature":"Jolly","species":"Cinderace"},{"ability":"imposter","evs":{"atk":8,"def":252,"hp":248,"spa":0,"spd":0,"spe":0},"gender":"N","happiness":160,"item":"choicescarf","ivs":{"atk":0,"def":31,"hp":31,"spa":31,"spd":31,"spe":31},"level":100,"moves":["transform"],"name":"Ditto","nature":"Impish","species":"Ditto"},{"ability":"ironbarbs","evs":{"atk":4,"def":0,"hp":252,"spa":0,"spd":252,"spe":0},"happiness":160,"item":"leftovers","ivs":{"atk":31,"def":31,"hp":31,"spa":31,"spd":31,"spe":31},"level":100,"moves":["leechseed","toxic","powerwhip","knockoff"],"name":"Ferrothorn","nature":"Careful","species":"Ferrothorn"},{"ability":"cursedbody","evs":{"atk":0,"def":252,"hp":252,"spa":0,"spd":4,"spe":0},"happiness":160,"item":"eviolite","ivs":{"atk":0,"def":31,"hp":31,"spa":31,"spd":31,"spe":31},"level":100,"moves":["hex","strengthsap","willowisp","haze"],"name":"Corsola","nature":"Bold","species":"corsolagalar"},{"ability":"clearbody","evs":{"atk":0,"def":0,"hp":0,"spa":252,"spd":4,"spe":252},"happiness":160,"item":"choicespecs","ivs":{"atk":31,"def":31,"hp":31,"spa":31,"spd":31,"spe":31},"level":100,"moves":["dracometeor","shadowball","flamethrower","uturn"],"name":"Dragapult","nature":"Modest","species":"Dragapult"},{"ability":"guts","evs":{"atk":252,"def":0,"hp":0,"spa":0,"spd":4,"spe":252},"happiness":160,"item":"flameorb","ivs":{"atk":31,"def":31,"hp":31,"spa":31,"spd":31,"spe":31},"level":100,"moves":["knockoff","closecombat","facade","switcheroo"],"name":"Obstagoon","nature":"Jolly","species":"Obstagoon"}],"roomid":100804,"score":[4,3],"seed":[46286,45994,45567,3940],"timestamp":"Mon Dec 30 2019 08:XX","turns":20,"winner":"24958","rated_battle":true,"average_rating":1289}