{"endType":"forfeit","format":"gen8ou","inputLog":[">version aa9f8c6b9cf4eca780a1296832ecd3b0009641e0",">version-origin 5e8529faaa5905c5f8e15eafaaefa806ee8c7d06",">start {\"formatid\":\"gen8ou\",\"seed\":[58006,61828,27903,61835],\"rated\":\"Rated battle\"}",">player p1 {\"\"name\":\"10237\",\"rating\":1404}",">player p2 {\"\"name\":\"8356\",\"rating\":1462}",">p1 team 1, 2, 3, 4, 5, 6",">p2 team 1, 2, 3, 4, 5, 6",">p1 switch 4",">p2 move substitute",">p1 switch 6",">p2 move earthquake",">p1 move crunch",">p2 move icepunch",">p1 move crunch",">p2 move earthquake",">p1 switch 4",">p1 move pyroball",">p2 switch 2",">p1 move taunt",">p2 move scald",">p1 move uturn",">p2 move scald",">p1 switch 2",">p1 move overdrive",">p2 switch 6",">p1 switch 2",">p2 move strengthsap",">p1 move taunt",">p2 move nightshade",">p1 move uturn",">p2 move nightshade",">p1 switch 2",">p1 move overdrive",">p2 move nightshade"],"log":["|j|\u260610237","|j|\u26068356","|player|p1|10237|li|1404","|player|p2|8356|102|1462","|teamsize|p1|6","|teamsize|p2|6","|gametype|singles","|gen|8","|tier|[Gen 8] OU","|rated|","|rule|Sleep Clause Mod: Limit one foe put to sleep","|rule|Species Clause: Limit one of each Pok\u00e9mon","|rule|OHKO Clause: OHKO moves are banned","|rule|Evasion Moves Clause: Evasion moves are banned","|rule|Endless Battle Clause: Forcing endless battles is banned","|rule|HP Percentage Mod: HP is shown in percentages","|clearpoke","|poke|p1|Cinderace, M|","|poke|p1|Toxtricity, F|","|poke|p1|Ferrothorn, F|","|poke|p1|Pyukumuku, F|","|poke|p1|Sylveon, M|","|poke|p1|Dracovish|","|poke|p2|Darmanitan-Galar, M|","|poke|p2|Toxapex, M|","|poke|p2|Cinderace, M|","|poke|p2|Dragapult, M|","|poke|p2|Clefable, F|","|poke|p2|Corsola-Galar, M|","|rule|Dynamax Clause: You cannot dynamax","|teampreview","|","|start","|switch|p1a: Cinderace|Cinderace, M|301\/301","|switch|p2a: Darmanitan|Darmanitan-Galar, M|352\/352","|turn|1","|","|switch|p1a: Pyukumuku|Pyukumuku, F|314\/314","|move|p2a: Darmanitan|Substitute|p2a: Darmanitan","|-start|p2a: Darmanitan|Substitute","|-damage|p2a: Darmanitan|264\/352","|","|upkeep","|turn|2","|","|switch|p1a: Dracovish|Dracovish|321\/321","|move|p2a: Darmanitan|Earthquake|p1a: Dracovish","|-damage|p1a: Dracovish|206\/321","|","|upkeep","|turn|3","|","|move|p2a: Darmanitan|Ice Punch|p1a: Dracovish","|-damage|p1a: Dracovish|61\/321","|move|p1a: Dracovish|Crunch|p2a: Darmanitan","|-end|p2a: Darmanitan|Substitute","|","|upkeep","|turn|4","|","|move|p2a: Darmanitan|Earthquake|p1a: Dracovish","|-damage|p1a: Dracovish|0 fnt","|faint|p1a: Dracovish","|","|upkeep","|","|switch|p1a: Cinderace|Cinderace, M|301\/301","|turn|5","|","|switch|p2a: Toxapex|Toxapex, M|304\/304","|move|p1a: Cinderace|Pyro Ball|p2a: Toxapex","|-resisted|p2a: Toxapex","|-damage|p2a: Toxapex|247\/304","|-status|p2a: Toxapex|brn","|","|-heal|p2a: Toxapex|266\/304 brn|[from] item: Black Sludge","|-damage|p2a: Toxapex|247\/304 brn|[from] brn","|upkeep","|turn|6","|","|move|p1a: Cinderace|Taunt|p2a: Toxapex","|-start|p2a: Toxapex|move: Taunt","|move|p2a: Toxapex|Scald|p1a: Cinderace","|-supereffective|p1a: Cinderace","|-damage|p1a: Cinderace|167\/301","|","|-heal|p2a: Toxapex|266\/304 brn|[from] item: Black Sludge","|-damage|p2a: Toxapex|247\/304 brn|[from] brn","|upkeep","|turn|7","|","|move|p1a: Cinderace|U-turn|p2a: Toxapex","|-resisted|p2a: Toxapex","|-damage|p2a: Toxapex|227\/304 brn","|","|switch|p1a: Toxtricity|Toxtricity, F|291\/291","|move|p2a: Toxapex|Scald|p1a: Toxtricity","|-damage|p1a: Toxtricity|207\/291","|","|-heal|p2a: Toxapex|246\/304 brn|[from] item: Black Sludge","|-damage|p2a: Toxapex|227\/304 brn|[from] brn","|upkeep","|turn|8","|","|switch|p2a: Corsola|Corsola-Galar, M|324\/324","|move|p1a: Toxtricity|Overdrive|p2a: Corsola","|-damage|p2a: Corsola|191\/324","|-start|p1a: Toxtricity|Disable|Overdrive|[from] ability: Cursed Body|[of] p2a: Corsola","|-damage|p1a: Toxtricity|178\/291|[from] item: Life Orb","|","|upkeep","|turn|9","|","|switch|p1a: Cinderace|Cinderace, M|167\/301","|move|p2a: Corsola|Strength Sap|p1a: Cinderace","|-unboost|p1a: Cinderace|atk|1","|-heal|p2a: Corsola|324\/324","|","|upkeep","|turn|10","|","|move|p1a: Cinderace|Taunt|p2a: Corsola","|-start|p2a: Corsola|move: Taunt","|move|p2a: Corsola|Night Shade|p1a: Cinderace","|-damage|p1a: Cinderace|67\/301","|","|upkeep","|turn|11","|","|move|p1a: Cinderace|U-turn|p2a: Corsola","|-resisted|p2a: Corsola","|-damage|p2a: Corsola|308\/324","|-start|p1a: Cinderace|Disable|U-turn|[from] ability: Cursed Body|[of] p2a: Corsola","|","|switch|p1a: Toxtricity|Toxtricity, F|178\/291","|move|p2a: Corsola|Night Shade|p1a: Toxtricity","|-damage|p1a: Toxtricity|78\/291","|","|upkeep","|turn|12","|","|move|p1a: Toxtricity|Overdrive|p2a: Corsola","|-damage|p2a: Corsola|191\/324","|-damage|p1a: Toxtricity|49\/291|[from] item: Life Orb","|move|p2a: Corsola|Night Shade|p1a: Toxtricity","|-damage|p1a: Toxtricity|0 fnt","|faint|p1a: Toxtricity","|","|-end|p2a: Corsola|move: Taunt","|upkeep","|-message|10237 forfeited.","|","|win|8356","|l|\u260610237","|raw|10237's rating: 1404 &rarr; <strong>1387<\/strong><br \/>(-17 for losing)","|raw|8356's rating: 1462 &rarr; <strong>1479<\/strong><br \/>(+17 for winning)",""],"p1":"10237","p1rating":1404,"p1team":[{"ability":"blaze","evs":{"atk":252,"def":0,"hp":0,"spa":0,"spd":4,"spe":252},"happiness":160,"item":"heavydutyboots","ivs":{"atk":31,"def":31,"hp":31,"spa":31,"spd":31,"spe":31},"level":100,"moves":["courtchange","taunt","pyroball","uturn"],"name":"Cinderace","nature":"Jolly","species":"Cinderace"},{"ability":"punkrock","evs":{"atk":4,"def":0,"hp":0,"spa":252,"spd":0,"spe":252},"happiness":160,"item":"lifeorb","ivs":{"atk":31,"def":31,"hp":31,"spa":31,"spd":31,"spe":31},"level":100,"moves":["shiftgear","firepunch","overdrive","boomburst"],"name":"Toxtricity","nature":"Mild","species":"Toxtricity"},{"ability":"ironbarbs","evs":{"atk":4,"def":252,"hp":252,"spa":0,"spd":0,"spe":0},"happiness":160,"item":"leftovers","ivs":{"atk":31,"def":31,"hp":31,"spa":31,"spd":31,"spe":0},"level":100,"moves":["leechseed","gyroball","powerwhip","thunderwave"],"name":"Ferrothorn","nature":"Relaxed","species":"Ferrothorn"},{"ability":"unaware","evs":{"atk":0,"def":252,"hp":252,"spa":0,"spd":4,"spe":0},"happiness":160,"item":"leftovers","ivs":{"atk":0,"def":31,"hp":31,"spa":31,"spd":31,"spe":31},"level":100,"moves":["recover","toxic","soak","memento"],"name":"Pyukumuku","nature":"Bold","species":"Pyukumuku"},{"ability":"pixilate","evs":{"atk":0,"def":0,"hp":252,"spa":4,"spd":252,"spe":0},"happiness":160,"item":"leftovers","ivs":{"atk":0,"def":31,"hp":31,"spa":31,"spd":31,"spe":31},"level":100,"moves":["hypervoice","wish","protect","substitute"],"name":"Sylveon","nature":"Calm","species":"Sylveon"},{"ability":"strongjaw","evs":{"atk":252,"def":0,"hp":0,"spa":0,"spd":8,"spe":248},"gender":"N","happiness":160,"item":"choiceband","ivs":{"atk":31,"def":31,"hp":31,"spa":31,"spd":31,"spe":31},"level":100,"moves":["fishiousrend","outrage","psychicfangs","crunch"],"name":"Dracovish","nature":"Adamant","species":"Dracovish"}],"p2":"8356","p2rating":1462,"p2team":[{"ability":"zenmode","evs":{"atk":252,"def":0,"hp":4,"spa":0,"spd":0,"spe":252},"happiness":160,"item":"salacberry","ivs":{"atk":31,"def":31,"hp":31,"spa":31,"spd":31,"spe":31},"level":100,"moves":["earthquake","icepunch","substitute","bellydrum"],"name":"Darmanitan","nature":"Jolly","species":"darmanitangalar"},{"ability":"regenerator","evs":{"atk":0,"def":252,"hp":252,"spa":0,"spd":4,"spe":0},"happiness":160,"item":"blacksludge","ivs":{"atk":0,"def":31,"hp":31,"spa":31,"spd":31,"spe":31},"level":100,"moves":["scald","toxicspikes","recover","haze"],"name":"Toxapex","nature":"Bold","species":"Toxapex"},{"ability":"blaze","evs":{"atk":252,"def":0,"hp":0,"spa":0,"spd":4,"spe":252},"happiness":160,"item":"heavydutyboots","ivs":{"atk":31,"def":31,"hp":31,"spa":31,"spd":31,"spe":31},"level":100,"moves":["highjumpkick","gunkshot","pyroball","courtchange"],"name":"Cinderace","nature":"Jolly","species":"Cinderace"},{"ability":"infiltrator","evs":{"atk":0,"def":0,"hp":0,"spa":252,"spd":4,"spe":252},"happiness":160,"item":"choicescarf","ivs":{"atk":0,"def":31,"hp":31,"spa":31,"spd":31,"spe":31},"level":100,"moves":["shadowball","thunderbolt","fireblast","dracometeor"],"name":"Dragapult","nature":"Timid","species":"Dragapult"},{"ability":"magicguard","evs":{"atk":0,"def":0,"hp":252,"spa":252,"spd":4,"spe":0},"happiness":160,"item":"lifeorb","ivs":{"atk":0,"def":31,"hp":31,"spa":31,"spd":31,"spe":31},"level":100,"moves":["moonlight","moonblast","thunderbolt","flamethrower"],"name":"Clefable","nature":"Modest","species":"Clefable"},{"ability":"cursedbody","evs":{"atk":0,"def":88,"hp":252,"spa":0,"spd":168,"spe":0},"happiness":160,"item":"eviolite","ivs":{"atk":0,"def":31,"hp":31,"spa":31,"spd":31,"spe":31},"level":100,"moves":["nightshade","strengthsap","willowisp","stealthrock"],"name":"Corsola","nature":"Calm","species":"corsolagalar"}],"roomid":1017106,"score":[4,6],"seed":[58006,61828,27903,61835],"timestamp":"Sat Dec 28 2019 21:XX","turns":12,"winner":"8356","rated_battle":true,"average_rating":1433}