{"endType":"forfeit","format":"gen8ou","inputLog":[">version aa9f8c6b9cf4eca780a1296832ecd3b0009641e0",">version-origin 5e8529faaa5905c5f8e15eafaaefa806ee8c7d06",">start {\"formatid\":\"gen8ou\",\"seed\":[32808,59385,45076,47580],\"rated\":\"Rated battle\"}",">player p1 {\"\"name\":\"27846\",\"rating\":1203}",">player p2 {\"\"name\":\"25360\",\"rating\":1204}",">p1 team 1, 2, 3, 4, 5, 6",">p2 team 5, 2, 3, 4, 1, 6",">p1 switch 4",">p2 move psychic",">p1 move uturn",">p2 move psychic",">p1 switch 6",">p1 move darkpulse",">p2 switch 3",">p1 move darkpulse",">p2 move icebeam",">p2 switch 2",">p1 switch 3",">p2 move fishiousrend",">p1 switch 2",">p1 move scald",">p2 switch 3",">p1 switch 6",">p2 move dazzlinggleam",">p1 move roost",">p2 switch 6",">p1 move bravebird",">p2 move dragondance",">p1 move bravebird",">p2 move waterfall",">p1 move uturn",">p2 move waterfall",">p1 switch 4",">p1 move machpunch",">p2 move waterfall",">p2 switch 6",">p1 move earthquake",">p2 move dazzlinggleam",">p2 switch 4",">p1 move drainpunch",">p2 move razorshell",">p2 switch 5",">p1 switch 5",">p2 switch 3",">p1 move willowisp",">p2 move fishiousrend",">p1 switch 3",">p1 move dracometeor",">p2 move fishiousrend",">p2 switch 3",">p1 switch 6",">p2 move waterfall"],"log":["|j|\u260627846","|j|\u260625360","|player|p1|27846|1|1203","|player|p2|25360|ghetsis|1204","|teamsize|p1|6","|teamsize|p2|6","|gametype|singles","|gen|8","|tier|[Gen 8] OU","|rated|","|rule|Sleep Clause Mod: Limit one foe put to sleep","|rule|Species Clause: Limit one of each Pok\u00e9mon","|rule|OHKO Clause: OHKO moves are banned","|rule|Evasion Moves Clause: Evasion moves are banned","|rule|Endless Battle Clause: Forcing endless battles is banned","|rule|HP Percentage Mod: HP is shown in percentages","|clearpoke","|poke|p1|Conkeldurr, F|","|poke|p1|Seismitoad, F|","|poke|p1|Sylveon, F|","|poke|p1|Corviknight, F|","|poke|p1|Rotom-Heat|","|poke|p1|Hydreigon, F|","|poke|p2|Barraskewda, F|","|poke|p2|Dracovish|","|poke|p2|Pelipper, M|","|poke|p2|Drednaw, M|","|poke|p2|Hatterene, F|","|poke|p2|Gyarados, F|","|rule|Dynamax Clause: You cannot dynamax","|teampreview","|","|start","|switch|p1a: Conkeldurr|Conkeldurr, F|353\/353","|switch|p2a: Hatterene|Hatterene, F|318\/318","|turn|1","|","|switch|p1a: Corviknight|Corviknight, F|400\/400","|-ability|p1a: Corviknight|Pressure","|move|p2a: Hatterene|Psychic|p1a: Corviknight","|-resisted|p1a: Corviknight","|-damage|p1a: Corviknight|277\/400","|-unboost|p1a: Corviknight|spd|1","|","|-heal|p1a: Corviknight|302\/400|[from] item: Leftovers","|upkeep","|turn|2","|","|move|p1a: Corviknight|U-turn|p2a: Hatterene","|-damage|p2a: Hatterene|266\/318","|","|switch|p1a: Hydreigon|Hydreigon, F|325\/325","|move|p2a: Hatterene|Psychic|p1a: Hydreigon","|-immune|p1a: Hydreigon","|","|upkeep","|turn|3","|","|switch|p2a: Pelipper|Pelipper, M|285\/285","|-weather|RainDance|[from] ability: Drizzle|[of] p2a: Pelipper","|move|p1a: Hydreigon|Dark Pulse|p2a: Pelipper","|-damage|p2a: Pelipper|87\/285","|","|-weather|RainDance|[upkeep]","|upkeep","|turn|4","|","|move|p1a: Hydreigon|Dark Pulse|p2a: Pelipper","|-damage|p2a: Pelipper|0 fnt","|faint|p2a: Pelipper","|","|-weather|RainDance|[upkeep]","|upkeep","|","|switch|p2a: Dracovish|Dracovish|321\/321","|turn|5","|","|switch|p1a: Sylveon|Sylveon, F|394\/394","|move|p2a: Dracovish|Fishious Rend|p1a: Sylveon","|-damage|p1a: Sylveon|0 fnt","|faint|p1a: Sylveon","|","|-weather|RainDance|[upkeep]","|upkeep","|","|switch|p1a: Seismitoad|Seismitoad, F|414\/414","|turn|6","|","|switch|p2a: Hatterene|Hatterene, F|266\/318","|move|p1a: Seismitoad|Scald|p2a: Hatterene","|-damage|p2a: Hatterene|152\/318","|","|-weather|RainDance|[upkeep]","|upkeep","|turn|7","|","|switch|p1a: Corviknight|Corviknight, F|302\/400","|-ability|p1a: Corviknight|Pressure","|move|p2a: Hatterene|Dazzling Gleam|p1a: Corviknight","|-resisted|p1a: Corviknight","|-damage|p1a: Corviknight|197\/400","|","|-weather|none","|-heal|p1a: Corviknight|222\/400|[from] item: Leftovers","|upkeep","|turn|8","|","|switch|p2a: Gyarados|Gyarados, F|331\/331","|move|p1a: Corviknight|Roost|p1a: Corviknight","|-heal|p1a: Corviknight|400\/400","|-singleturn|p1a: Corviknight|move: Roost","|","|upkeep","|turn|9","|","|move|p2a: Gyarados|Dragon Dance|p2a: Gyarados","|-boost|p2a: Gyarados|atk|1","|-boost|p2a: Gyarados|spe|1","|move|p1a: Corviknight|Brave Bird|p2a: Gyarados","|-damage|p2a: Gyarados|172\/331","|-damage|p1a: Corviknight|348\/400|[from] Recoil","|","|-heal|p1a: Corviknight|373\/400|[from] item: Leftovers","|upkeep","|turn|10","|","|move|p2a: Gyarados|Waterfall|p1a: Corviknight","|-damage|p1a: Corviknight|171\/400","|move|p1a: Corviknight|Brave Bird|p2a: Gyarados","|-damage|p2a: Gyarados|13\/331","|-enditem|p2a: Gyarados|Liechi Berry|[eat]","|-boost|p2a: Gyarados|atk|1","|-damage|p1a: Corviknight|119\/400|[from] Recoil","|","|-heal|p1a: Corviknight|144\/400|[from] item: Leftovers","|upkeep","|turn|11","|","|move|p2a: Gyarados|Waterfall|p1a: Corviknight","|-damage|p1a: Corviknight|0 fnt","|faint|p1a: Corviknight","|-ability|p2a: Gyarados|Moxie|boost","|-boost|p2a: Gyarados|atk|1","|","|upkeep","|","|switch|p1a: Conkeldurr|Conkeldurr, F|353\/353","|turn|12","|","|move|p1a: Conkeldurr|Mach Punch|p2a: Gyarados","|-resisted|p2a: Gyarados","|-damage|p2a: Gyarados|0 fnt","|faint|p2a: Gyarados","|","|-status|p1a: Conkeldurr|brn|[from] item: Flame Orb","|upkeep","|","|switch|p2a: Hatterene|Hatterene, F|152\/318","|turn|13","|","|move|p1a: Conkeldurr|Earthquake|p2a: Hatterene","|-damage|p2a: Hatterene|0 fnt","|faint|p2a: Hatterene","|","|-damage|p1a: Conkeldurr|331\/353 brn|[from] brn","|upkeep","|","|switch|p2a: Drednaw|Drednaw, M|321\/321","|turn|14","|","|move|p2a: Drednaw|Razor Shell|p1a: Conkeldurr","|-damage|p1a: Conkeldurr|183\/353 brn","|-unboost|p1a: Conkeldurr|def|1","|move|p1a: Conkeldurr|Drain Punch|p2a: Drednaw","|-supereffective|p2a: Drednaw","|-damage|p2a: Drednaw|0 fnt","|-heal|p1a: Conkeldurr|344\/353 brn|[from] drain|[of] p2a: Drednaw","|faint|p2a: Drednaw","|","|-damage|p1a: Conkeldurr|322\/353 brn|[from] brn","|upkeep","|","|switch|p2a: Barraskewda|Barraskewda, F|263\/263","|turn|15","|","|switch|p2a: Dracovish|Dracovish|321\/321","|switch|p1a: Rotom|Rotom-Heat|303\/303","|","|upkeep","|turn|16","|","|move|p2a: Dracovish|Fishious Rend|p1a: Rotom","|-supereffective|p1a: Rotom","|-damage|p1a: Rotom|0 fnt","|faint|p1a: Rotom","|","|upkeep","|","|switch|p1a: Hydreigon|Hydreigon, F|325\/325","|turn|17","|","|move|p1a: Hydreigon|Draco Meteor|p2a: Dracovish","|-supereffective|p2a: Dracovish","|-damage|p2a: Dracovish|0 fnt","|-unboost|p1a: Hydreigon|spa|2","|faint|p2a: Dracovish","|","|upkeep","|","|switch|p2a: Barraskewda|Barraskewda, F|263\/263","|turn|18","|","|switch|p1a: Seismitoad|Seismitoad, F|414\/414","|move|p2a: Barraskewda|Waterfall|p1a: Seismitoad","|-immune|p1a: Seismitoad|[from] ability: Water Absorb","|","|upkeep","|turn|19","|-message|25360 forfeited.","|","|win|27846","|l|\u260625360","|raw|27846's rating: 1203 &rarr; <strong>1228<\/strong><br \/>(+25 for winning)","|raw|25360's rating: 1204 &rarr; <strong>1179<\/strong><br \/>(-25 for losing)",""],"p1":"27846","p1rating":1203,"p1team":[{"ability":"guts","evs":{"atk":252,"def":0,"hp":8,"spa":0,"spd":0,"spe":248},"happiness":160,"item":"flameorb","ivs":{"atk":31,"def":31,"hp":31,"spa":31,"spd":31,"spe":31},"level":100,"moves":["drainpunch","thunderpunch","earthquake","machpunch"],"name":"Conkeldurr","nature":"Adamant","species":"Conkeldurr"},{"ability":"waterabsorb","evs":{"atk":0,"def":252,"hp":252,"spa":4,"spd":0,"spe":0},"happiness":160,"item":"leftovers","ivs":{"atk":31,"def":31,"hp":31,"spa":31,"spd":31,"spe":31},"level":100,"moves":["stealthrock","scald","earthquake","toxic"],"name":"Seismitoad","nature":"Bold","species":"Seismitoad"},{"ability":"pixilate","evs":{"atk":0,"def":64,"hp":252,"spa":0,"spd":56,"spe":136},"happiness":160,"item":"leftovers","ivs":{"atk":0,"def":31,"hp":31,"spa":31,"spd":31,"spe":31},"level":100,"moves":["hypervoice","mysticalfire","wish","protect"],"name":"Sylveon","nature":"Calm","species":"Sylveon"},{"ability":"pressure","evs":{"atk":0,"def":84,"hp":252,"spa":0,"spd":160,"spe":4},"happiness":160,"item":"leftovers","ivs":{"atk":31,"def":31,"hp":31,"spa":31,"spd":31,"spe":31},"level":100,"moves":["bravebird","uturn","roost","defog"],"name":"Corviknight","nature":"Careful","species":"Corviknight"},{"ability":"levitate","evs":{"atk":0,"def":240,"hp":248,"spa":0,"spd":20,"spe":0},"gender":"N","happiness":160,"item":"heavydutyboots","ivs":{"atk":0,"def":31,"hp":31,"spa":31,"spd":31,"spe":31},"level":100,"moves":["overheat","voltswitch","willowisp","nastyplot"],"name":"Rotom","nature":"Bold","species":"rotomheat"},{"ability":"levitate","evs":{"atk":0,"def":0,"hp":0,"spa":252,"spd":4,"spe":252},"happiness":160,"item":"choicescarf","ivs":{"atk":31,"def":31,"hp":31,"spa":31,"spd":31,"spe":31},"level":100,"moves":["darkpulse","dracometeor","fireblast","uturn"],"name":"Hydreigon","nature":"Timid","species":"Hydreigon"}],"p2":"25360","p2rating":1204,"p2team":[{"ability":"swiftswim","evs":{"atk":252,"def":0,"hp":0,"spa":0,"spd":4,"spe":252},"happiness":160,"item":"choiceband","ivs":{"atk":31,"def":31,"hp":31,"spa":31,"spd":31,"spe":31},"level":100,"moves":["waterfall","aquajet","poisonjab","closecombat"],"name":"Barraskewda","nature":"Adamant","species":"Barraskewda"},{"ability":"strongjaw","evs":{"atk":252,"def":0,"hp":0,"spa":0,"spd":4,"spe":252},"gender":"N","happiness":160,"item":"choicescarf","ivs":{"atk":31,"def":31,"hp":31,"spa":31,"spd":31,"spe":31},"level":100,"moves":["crunch","fishiousrend","earthquake","ironhead"],"name":"Dracovish","nature":"Jolly","species":"Dracovish"},{"ability":"drizzle","evs":{"atk":0,"def":0,"hp":96,"spa":160,"spd":0,"spe":252},"happiness":160,"item":"choicespecs","ivs":{"atk":31,"def":31,"hp":31,"spa":31,"spd":31,"spe":31},"level":100,"moves":["hurricane","weatherball","icebeam","gunkshot"],"name":"Pelipper","nature":"Timid","species":"Pelipper"},{"ability":"swiftswim","evs":{"atk":252,"def":0,"hp":0,"spa":0,"spd":4,"spe":252},"happiness":160,"item":"assaultvest","ivs":{"atk":31,"def":31,"hp":31,"spa":31,"spd":31,"spe":31},"level":100,"moves":["jawlock","rockblast","superpower","razorshell"],"name":"Drednaw","nature":"Adamant","species":"Drednaw"},{"ability":"magicbounce","evs":{"atk":0,"def":0,"hp":252,"spa":252,"spd":4,"spe":0},"gender":"F","happiness":160,"item":"choicespecs","ivs":{"atk":0,"def":31,"hp":31,"spa":31,"spd":31,"spe":31},"level":100,"moves":["dazzlinggleam","darkpulse","psychic","mysticalfire"],"name":"Hatterene","nature":"Modest","species":"Hatterene"},{"ability":"moxie","evs":{"atk":252,"def":0,"hp":0,"spa":0,"spd":4,"spe":252},"happiness":160,"item":"liechiberry","ivs":{"atk":31,"def":31,"hp":31,"spa":31,"spd":31,"spe":31},"level":100,"moves":["waterfall","dragondance","powerwhip","earthquake"],"name":"Gyarados","nature":"Adamant","species":"Gyarados"}],"roomid":1017784,"score":[3,1],"seed":[32808,59385,45076,47580],"timestamp":"Sat Dec 28 2019 04:XX","turns":19,"winner":"27846","rated_battle":true,"average_rating":1203}