{"endType":"forfeit","format":"gen8ou","inputLog":[">version aa9f8c6b9cf4eca780a1296832ecd3b0009641e0",">version-origin 5e8529faaa5905c5f8e15eafaaefa806ee8c7d06",">start {\"formatid\":\"gen8ou\",\"seed\":[34891,32811,20981,12446],\"rated\":\"Rated battle\"}",">player p1 {\"\"name\":\"26575\",\"rating\":1308}",">player p2 {\"\"name\":\"16019\",\"rating\":1309}",">p1 team 5, 2, 3, 4, 1, 6",">p2 team 3, 2, 1, 4, 5, 6",">p1 move knockoff",">p2 move substitute",">p1 move leechlife",">p2 move nastyplot",">p1 move leechlife",">p2 move darkpulse",">p2 switch 2",">p1 switch 2",">p2 move swordsdance",">p1 move thunderwave",">p2 move closecombat",">p1 switch 3",">p1 move psychic",">p2 move bravebird"],"log":["|j|\u260626575","|j|\u260616019","|player|p1|26575|110|1308","|player|p2|16019|1|1309","|teamsize|p1|6","|teamsize|p2|6","|gametype|singles","|gen|8","|tier|[Gen 8] OU","|rated|","|rule|Sleep Clause Mod: Limit one foe put to sleep","|rule|Species Clause: Limit one of each Pok\u00e9mon","|rule|OHKO Clause: OHKO moves are banned","|rule|Evasion Moves Clause: Evasion moves are banned","|rule|Endless Battle Clause: Forcing endless battles is banned","|rule|HP Percentage Mod: HP is shown in percentages","|clearpoke","|poke|p1|Kommo-o, M|","|poke|p1|Grimmsnarl, M|","|poke|p1|Hatterene, F|","|poke|p1|Toxtricity, M|","|poke|p1|Centiskorch, M|","|poke|p1|Cinderace, M|","|poke|p2|Dracovish|","|poke|p2|Hawlucha, F|","|poke|p2|Hydreigon, F|","|poke|p2|Mimikyu, F|","|poke|p2|Seismitoad, F|","|poke|p2|Rotom-Heat|","|rule|Dynamax Clause: You cannot dynamax","|teampreview","|","|start","|switch|p1a: Centiskorch|Centiskorch, M|404\/404","|switch|p2a: Hydreigon|Hydreigon, F|325\/325","|turn|1","|","|move|p2a: Hydreigon|Substitute|p2a: Hydreigon","|-start|p2a: Hydreigon|Substitute","|-damage|p2a: Hydreigon|244\/325","|move|p1a: Centiskorch|Knock Off|p2a: Hydreigon","|-resisted|p2a: Hydreigon","|-activate|p2a: Hydreigon|move: Substitute|[damage]","|","|-heal|p2a: Hydreigon|264\/325|[from] item: Leftovers","|upkeep","|turn|2","|","|move|p2a: Hydreigon|Nasty Plot|p2a: Hydreigon","|-boost|p2a: Hydreigon|spa|2","|move|p1a: Centiskorch|Leech Life|p2a: Hydreigon","|-supereffective|p2a: Hydreigon","|-crit|p2a: Hydreigon","|-end|p2a: Hydreigon|Substitute","|","|-heal|p2a: Hydreigon|284\/325|[from] item: Leftovers","|upkeep","|turn|3","|","|move|p2a: Hydreigon|Dark Pulse|p1a: Centiskorch","|-damage|p1a: Centiskorch|103\/404","|move|p1a: Centiskorch|Leech Life|p2a: Hydreigon","|-supereffective|p2a: Hydreigon","|-damage|p2a: Hydreigon|0 fnt","|-heal|p1a: Centiskorch|245\/404|[from] drain|[of] p2a: Hydreigon","|faint|p2a: Hydreigon","|","|upkeep","|","|switch|p2a: Hawlucha|Hawlucha, F|297\/297","|turn|4","|","|switch|p1a: Grimmsnarl|Grimmsnarl, M|394\/394","|move|p2a: Hawlucha|Swords Dance|p2a: Hawlucha","|-boost|p2a: Hawlucha|atk|2","|","|upkeep","|turn|5","|","|move|p1a: Grimmsnarl|Thunder Wave|p2a: Hawlucha","|-status|p2a: Hawlucha|par","|move|p2a: Hawlucha|Close Combat|p1a: Grimmsnarl","|-damage|p1a: Grimmsnarl|0 fnt","|-unboost|p2a: Hawlucha|def|1","|-unboost|p2a: Hawlucha|spd|1","|-enditem|p2a: Hawlucha|White Herb","|-clearnegativeboost|p2a: Hawlucha|[silent]","|faint|p1a: Grimmsnarl","|","|upkeep","|","|switch|p1a: Hatterene|Hatterene, F|318\/318","|turn|6","|","|move|p2a: Hawlucha|Brave Bird|p1a: Hatterene","|-damage|p1a: Hatterene|0 fnt","|-damage|p2a: Hawlucha|192\/297 par|[from] Recoil","|faint|p1a: Hatterene","|","|upkeep","|-message|26575 forfeited.","|","|win|16019","|l|\u260626575","|raw|26575's rating: 1308 &rarr; <strong>1288<\/strong><br \/>(-20 for losing)","|raw|16019's rating: 1309 &rarr; <strong>1329<\/strong><br \/>(+20 for winning)",""],"p1":"26575","p1rating":1308,"p1team":[{"ability":"soundproof","evs":{"atk":252,"def":0,"hp":4,"spa":0,"spd":0,"spe":252},"gender":"M","happiness":160,"item":"salacberry","ivs":{"atk":31,"def":31,"hp":31,"spa":31,"spd":31,"spe":31},"level":100,"moves":["bellydrum","substitute","shadowclaw","drainpunch"],"name":"Kommo-o","nature":"Jolly","species":"Kommo-o"},{"ability":"prankster","evs":{"atk":252,"def":4,"hp":252,"spa":0,"spd":0,"spe":0},"gender":"M","happiness":160,"item":"leftovers","ivs":{"atk":31,"def":31,"hp":31,"spa":31,"spd":31,"spe":31},"level":100,"moves":["bulkup","suckerpunch","spiritbreak","thunderwave"],"name":"Grimmsnarl","nature":"Adamant","species":"Grimmsnarl"},{"ability":"magicbounce","evs":{"atk":0,"def":0,"hp":252,"spa":252,"spd":4,"spe":0},"gender":"F","happiness":160,"item":"assaultvest","ivs":{"atk":0,"def":31,"hp":31,"spa":31,"spd":31,"spe":31},"level":100,"moves":["psychic","drainingkiss","mysticalfire","dazzlinggleam"],"name":"Hatterene","nature":"Modest","species":"Hatterene"},{"ability":"punkrock","evs":{"atk":0,"def":0,"hp":4,"spa":252,"spd":0,"spe":252},"gender":"M","happiness":160,"item":"focussash","ivs":{"atk":0,"def":31,"hp":31,"spa":31,"spd":31,"spe":31},"level":100,"moves":["boomburst","sludgewave","overdrive","shiftgear"],"name":"Toxtricity","nature":"Modest","species":"Toxtricity"},{"ability":"flashfire","evs":{"atk":252,"def":0,"hp":252,"spa":0,"spd":0,"spe":4},"gender":"M","happiness":160,"item":"quickclaw","ivs":{"atk":31,"def":31,"hp":31,"spa":31,"spd":31,"spe":31},"level":100,"moves":["knockoff","firelash","leechlife","powerwhip"],"name":"Centiskorch","nature":"Adamant","species":"Centiskorch"},{"ability":"blaze","evs":{"atk":252,"def":0,"hp":4,"spa":0,"spd":0,"spe":252},"gender":"M","happiness":160,"item":"widelens","ivs":{"atk":31,"def":31,"hp":31,"spa":31,"spd":31,"spe":31},"level":100,"moves":["courtchange","pyroball","highjumpkick","ironhead"],"name":"Cinderace","nature":"Jolly","species":"Cinderace"}],"p2":"16019","p2rating":1309,"p2team":[{"ability":"strongjaw","evs":{"atk":252,"def":0,"hp":0,"spa":0,"spd":4,"spe":252},"gender":"N","happiness":160,"item":"choiceband","ivs":{"atk":31,"def":31,"hp":31,"spa":31,"spd":31,"spe":31},"level":100,"moves":["fishiousrend","crunch","psychicfangs","lowkick"],"name":"Dracovish","nature":"Adamant","species":"Dracovish"},{"ability":"unburden","evs":{"atk":252,"def":0,"hp":0,"spa":0,"spd":4,"spe":252},"happiness":160,"item":"whiteherb","ivs":{"atk":31,"def":31,"hp":31,"spa":31,"spd":31,"spe":31},"level":100,"moves":["closecombat","swordsdance","bravebird","firepunch"],"name":"Hawlucha","nature":"Adamant","species":"Hawlucha"},{"ability":"levitate","evs":{"atk":0,"def":4,"hp":0,"spa":252,"spd":0,"spe":252},"happiness":160,"item":"leftovers","ivs":{"atk":0,"def":31,"hp":31,"spa":31,"spd":31,"spe":31},"level":100,"moves":["nastyplot","substitute","darkpulse","flashcannon"],"name":"Hydreigon","nature":"Timid","species":"Hydreigon"},{"ability":"disguise","evs":{"atk":252,"def":0,"hp":0,"spa":0,"spd":4,"spe":252},"happiness":160,"item":"lifeorb","ivs":{"atk":31,"def":31,"hp":31,"spa":31,"spd":31,"spe":31},"level":100,"moves":["shadowclaw","shadowsneak","woodhammer","playrough"],"name":"Mimikyu","nature":"Adamant","species":"Mimikyu"},{"ability":"waterabsorb","evs":{"atk":0,"def":252,"hp":252,"spa":0,"spd":4,"spe":0},"happiness":160,"item":"rockyhelmet","ivs":{"atk":31,"def":31,"hp":31,"spa":31,"spd":31,"spe":31},"level":100,"moves":["stealthrock","scald","earthquake","toxic"],"name":"Seismitoad","nature":"Relaxed","species":"Seismitoad"},{"ability":"levitate","evs":{"atk":0,"def":0,"hp":0,"spa":252,"spd":4,"spe":252},"gender":"N","happiness":160,"item":"choicescarf","ivs":{"atk":0,"def":31,"hp":31,"spa":31,"spd":31,"spe":31},"level":100,"moves":["thunderbolt","overheat","voltswitch","shadowball"],"name":"Rotom","nature":"Timid","species":"rotomheat"}],"roomid":1023150,"score":[4,5],"seed":[34891,32811,20981,12446],"timestamp":"Sat Dec 28 2019 12:XX","turns":6,"winner":"16019","rated_battle":true,"average_rating":1308}