{"endType":"forfeit","format":"gen8ou","inputLog":[">version aa9f8c6b9cf4eca780a1296832ecd3b0009641e0",">version-origin 5e8529faaa5905c5f8e15eafaaefa806ee8c7d06",">start {\"formatid\":\"gen8ou\",\"seed\":[11690,53365,48644,49989],\"rated\":\"Rated battle\"}",">player p1 {\"\"name\":\"6204\",\"rating\":1458}",">player p2 {\"\"name\":\"34036\",\"rating\":1443}",">p1 team 3, 2, 1, 4, 5, 6",">p2 team 3, 2, 1, 4, 5, 6",">p1 move thunderwave",">p2 move moonblast",">p1 switch 5",">p2 move moonblast",">p1 move freezedry",">p2 move stickyweb",">p1 move freezedry",">p2 move stickyweb",">p1 move freezedry",">p2 move moonblast",">p1 move freezedry",">p2 move moonblast",">p2 switch 4",">p1 move protect",">p2 move stoneedge",">p1 move freezedry",">p2 move stoneedge",">p1 move protect",">p2 move stoneedge",">p1 move freezedry",">p2 move stoneedge",">p1 switch 6",">p1 move quickattack",">p2 switch 6",">p1 switch 2",">p2 move bodypress",">p1 move courtchange",">p2 move rocktomb",">p1 switch 3",">p1 move flashcannon",">p2 switch 5",">p1 move shadowball",">p2 move overdrive",">p2 switch 2",">p1 move kingsshield",">p2 move crunch",">p1 switch 4",">p2 move crunch"],"log":["|j|\u26066204","|j|\u260634036","|player|p1|6204|188|1458","|player|p2|34036|214|1443","|teamsize|p1|6","|teamsize|p2|6","|gametype|singles","|gen|8","|tier|[Gen 8] OU","|rated|","|rule|Sleep Clause Mod: Limit one foe put to sleep","|rule|Species Clause: Limit one of each Pok\u00e9mon","|rule|OHKO Clause: OHKO moves are banned","|rule|Evasion Moves Clause: Evasion moves are banned","|rule|Endless Battle Clause: Forcing endless battles is banned","|rule|HP Percentage Mod: HP is shown in percentages","|clearpoke","|poke|p1|Aegislash, F|","|poke|p1|Cinderace, M|","|poke|p1|Grimmsnarl, M|","|poke|p1|Gyarados, F|","|poke|p1|Lapras, F|","|poke|p1|Diggersby, F|","|poke|p2|Darmanitan-Galar, F|","|poke|p2|Dracovish|","|poke|p2|Ribombee, M|","|poke|p2|Dugtrio, F|","|poke|p2|Toxtricity, M|","|poke|p2|Avalugg, F|","|rule|Dynamax Clause: You cannot dynamax","|teampreview","|","|start","|switch|p1a: Grimmsnarl|Grimmsnarl, M|393\/393","|switch|p2a: Ribombee|Ribombee, M|261\/261","|turn|1","|","|move|p1a: Grimmsnarl|Thunder Wave|p2a: Ribombee","|-status|p2a: Ribombee|par","|move|p2a: Ribombee|Moonblast|p1a: Grimmsnarl","|-supereffective|p1a: Grimmsnarl","|-damage|p1a: Grimmsnarl|135\/393","|-unboost|p1a: Grimmsnarl|spa|1","|","|upkeep","|turn|2","|","|switch|p1a: Lapras|Lapras, F|463\/463","|move|p2a: Ribombee|Moonblast|p1a: Lapras","|-damage|p1a: Lapras|327\/463","|","|-heal|p1a: Lapras|355\/463|[from] item: Leftovers","|upkeep","|turn|3","|","|cant|p2a: Ribombee|par","|move|p1a: Lapras|Freeze-Dry|p2a: Ribombee","|-damage|p2a: Ribombee|167\/261 par","|","|-heal|p1a: Lapras|383\/463|[from] item: Leftovers","|upkeep","|turn|4","|","|move|p2a: Ribombee|Sticky Web|p1a: Lapras","|-sidestart6204|move: Sticky Web","|move|p1a: Lapras|Freeze-Dry|p2a: Ribombee","|-damage|p2a: Ribombee|71\/261 par","|","|-heal|p1a: Lapras|411\/463|[from] item: Leftovers","|upkeep","|turn|5","|","|move|p2a: Ribombee|Moonblast|p1a: Lapras","|-damage|p1a: Lapras|269\/463","|-unboost|p1a: Lapras|spa|1","|move|p1a: Lapras|Freeze-Dry|p2a: Ribombee","|-damage|p2a: Ribombee|2\/261 par","|","|-heal|p1a: Lapras|297\/463|[from] item: Leftovers","|upkeep","|turn|6","|","|move|p2a: Ribombee|Moonblast|p1a: Lapras","|-damage|p1a: Lapras|159\/463","|move|p1a: Lapras|Freeze-Dry|p2a: Ribombee","|-crit|p2a: Ribombee","|-damage|p2a: Ribombee|0 fnt","|faint|p2a: Ribombee","|","|-heal|p1a: Lapras|187\/463|[from] item: Leftovers","|upkeep","|","|switch|p2a: Dugtrio|Dugtrio, F|211\/211","|turn|7","|","|move|p1a: Lapras|Protect|p1a: Lapras","|-singleturn|p1a: Lapras|Protect","|move|p2a: Dugtrio|Stone Edge|p1a: Lapras","|-activate|p1a: Lapras|move: Protect","|","|-heal|p1a: Lapras|215\/463|[from] item: Leftovers","|upkeep","|turn|8","|","|move|p2a: Dugtrio|Stone Edge|p1a: Lapras","|-supereffective|p1a: Lapras","|-damage|p1a: Lapras|55\/463","|move|p1a: Lapras|Freeze-Dry|p2a: Dugtrio","|-supereffective|p2a: Dugtrio","|-damage|p2a: Dugtrio|79\/211","|","|-heal|p1a: Lapras|83\/463|[from] item: Leftovers","|upkeep","|turn|9","|","|move|p1a: Lapras|Protect|p1a: Lapras","|-singleturn|p1a: Lapras|Protect","|move|p2a: Dugtrio|Stone Edge|p1a: Lapras","|-activate|p1a: Lapras|move: Protect","|","|-heal|p1a: Lapras|111\/463|[from] item: Leftovers","|upkeep","|turn|10","|","|move|p2a: Dugtrio|Stone Edge|p1a: Lapras","|-supereffective|p1a: Lapras","|-damage|p1a: Lapras|0 fnt","|faint|p1a: Lapras","|","|upkeep","|","|switch|p1a: Diggersby|Diggersby, F|311\/311","|-activate|p1a: Diggersby|move: Sticky Web","|-unboost|p1a: Diggersby|spe|1","|turn|11","|","|switch|p2a: Avalugg|Avalugg, F|394\/394","|move|p1a: Diggersby|Quick Attack|p2a: Avalugg","|-damage|p2a: Avalugg|326\/394","|-damage|p1a: Diggersby|280\/311|[from] item: Life Orb","|","|upkeep","|turn|12","|","|switch|p1a: Cinderace|Cinderace, M|301\/301","|move|p2a: Avalugg|Body Press|p1a: Cinderace","|-damage|p1a: Cinderace|154\/301","|","|upkeep","|turn|13","|","|move|p1a: Cinderace|Court Change|p1a: Cinderace","|-sideend6204|Sticky Web|[silent]","|-sidestart34036|Sticky Web|[silent]","|-activate|p1a: Cinderace|move: Court Change","|move|p2a: Avalugg|Rock Tomb|p1a: Cinderace","|-supereffective|p1a: Cinderace","|-damage|p1a: Cinderace|0 fnt","|faint|p1a: Cinderace","|","|upkeep","|","|switch|p1a: Aegislash|Aegislash, F|299\/299","|turn|14","|","|switch|p2a: Toxtricity|Toxtricity, M|291\/291","|-activate|p2a: Toxtricity|move: Sticky Web","|-unboost|p2a: Toxtricity|spe|1","|-formechange|p1a: Aegislash|Aegislash-Blade||[from] ability: Stance Change","|move|p1a: Aegislash|Flash Cannon|p2a: Toxtricity","|-resisted|p2a: Toxtricity","|-damage|p2a: Toxtricity|198\/291","|","|upkeep","|turn|15","|","|move|p1a: Aegislash|Shadow Ball|p2a: Toxtricity","|-damage|p2a: Toxtricity|0 fnt","|faint|p2a: Toxtricity","|","|upkeep","|","|switch|p2a: Dracovish|Dracovish|321\/321","|-activate|p2a: Dracovish|move: Sticky Web","|-unboost|p2a: Dracovish|spe|1","|turn|16","|","|-formechange|p1a: Aegislash|Aegislash||[from] ability: Stance Change","|move|p1a: Aegislash|King's Shield|p1a: Aegislash","|-singleturn|p1a: Aegislash|Protect","|move|p2a: Dracovish|Crunch|p1a: Aegislash","|-activate|p1a: Aegislash|move: Protect","|-unboost|p2a: Dracovish|atk|1","|","|upkeep","|turn|17","|l|\u260634036","|player|p2|","|","|switch|p1a: Gyarados|Gyarados, F|351\/351","|move|p2a: Dracovish|Crunch|p1a: Gyarados","|-damage|p1a: Gyarados|210\/351","|-unboost|p1a: Gyarados|def|1","|","|-heal|p1a: Gyarados|231\/351|[from] item: Leftovers","|upkeep","|turn|18","|inactiveoff|Battle timer is now OFF.","|-message|34036 lost due to inactivity.","|","|win|6204","|raw|6204's rating: 1458 &rarr; <strong>1477<\/strong><br \/>(+19 for winning)","|raw|34036's rating: 1443 &rarr; <strong>1424<\/strong><br \/>(-19 for losing)",""],"p1":"6204","p1rating":1458,"p1team":[{"ability":"stancechange","evs":{"atk":0,"def":0,"hp":152,"spa":252,"spd":0,"spe":104},"happiness":160,"item":"weaknesspolicy","ivs":{"atk":31,"def":31,"hp":31,"spa":31,"spd":31,"spe":31},"level":100,"moves":["shadowsneak","shadowball","flashcannon","kingsshield"],"name":"Aegislash","nature":"Timid","species":"Aegislash"},{"ability":"blaze","evs":{"atk":252,"def":0,"hp":0,"spa":0,"spd":4,"spe":252},"happiness":160,"item":"heavydutyboots","ivs":{"atk":31,"def":31,"hp":31,"spa":31,"spd":31,"spe":31},"level":100,"moves":["pyroball","courtchange","uturn","highjumpkick"],"name":"Cinderace","nature":"Jolly","species":"Cinderace"},{"ability":"prankster","evs":{"atk":4,"def":0,"hp":248,"spa":0,"spd":252,"spe":4},"gender":"M","happiness":160,"item":"laggingtail","ivs":{"atk":31,"def":31,"hp":31,"spa":31,"spd":31,"spe":31},"level":100,"moves":["trick","thunderwave","spiritbreak","taunt"],"name":"Grimmsnarl","nature":"Careful","species":"Grimmsnarl"},{"ability":"moxie","evs":{"atk":252,"def":0,"hp":80,"spa":0,"spd":4,"spe":172},"happiness":160,"item":"leftovers","ivs":{"atk":31,"def":31,"hp":31,"spa":31,"spd":31,"spe":31},"level":100,"moves":["substitute","dragondance","powerwhip","waterfall"],"name":"Gyarados","nature":"Adamant","species":"Gyarados"},{"ability":"waterabsorb","evs":{"atk":0,"def":252,"hp":248,"spa":0,"spd":0,"spe":8},"happiness":160,"item":"leftovers","ivs":{"atk":0,"def":31,"hp":31,"spa":31,"spd":31,"spe":31},"level":100,"moves":["freezedry","whirlpool","protect","perishsong"],"name":"Lapras","nature":"Bold","species":"Lapras"},{"ability":"hugepower","evs":{"atk":252,"def":0,"hp":0,"spa":0,"spd":4,"spe":252},"happiness":160,"item":"lifeorb","ivs":{"atk":31,"def":31,"hp":31,"spa":31,"spd":31,"spe":31},"level":100,"moves":["earthquake","megakick","quickattack","firepunch"],"name":"Diggersby","nature":"Jolly","species":"Diggersby"}],"p2":"34036","p2rating":1443,"p2team":[{"ability":"gorillatactics","evs":{"atk":252,"def":0,"hp":0,"spa":0,"spd":4,"spe":252},"happiness":160,"item":"choiceband","ivs":{"atk":31,"def":31,"hp":31,"spa":31,"spd":31,"spe":31},"level":100,"moves":["uturn","iciclecrash","flareblitz","earthquake"],"name":"Darmanitan","nature":"Jolly","species":"darmanitangalar"},{"ability":"strongjaw","evs":{"atk":252,"def":0,"hp":0,"spa":0,"spd":4,"spe":252},"gender":"N","happiness":160,"item":"choiceband","ivs":{"atk":31,"def":31,"hp":31,"spa":31,"spd":31,"spe":31},"level":100,"moves":["fishiousrend","outrage","psychicfangs","crunch"],"name":"Dracovish","nature":"Jolly","species":"Dracovish"},{"ability":"shielddust","evs":{"atk":0,"def":0,"hp":0,"spa":252,"spd":4,"spe":252},"happiness":160,"item":"focussash","ivs":{"atk":0,"def":31,"hp":31,"spa":31,"spd":31,"spe":31},"level":100,"moves":["stickyweb","moonblast","stunspore","bugbuzz"],"name":"Ribombee","nature":"Timid","species":"Ribombee"},{"ability":"arenatrap","evs":{"atk":252,"def":0,"hp":0,"spa":0,"spd":4,"spe":252},"happiness":160,"item":"focussash","ivs":{"atk":31,"def":31,"hp":31,"spa":31,"spd":31,"spe":31},"level":100,"moves":["earthquake","stealthrock","suckerpunch","stoneedge"],"name":"Dugtrio","nature":"Jolly","species":"Dugtrio"},{"ability":"punkrock","evs":{"atk":0,"def":0,"hp":0,"spa":252,"spd":4,"spe":252},"happiness":160,"item":"throatspray","ivs":{"atk":0,"def":31,"hp":31,"spa":31,"spd":31,"spe":31},"level":100,"moves":["overdrive","boomburst","sludgewave","voltswitch"],"name":"Toxtricity","nature":"Timid","species":"Toxtricity"},{"ability":"icebody","evs":{"atk":252,"def":0,"hp":252,"spa":0,"spd":4,"spe":0},"happiness":160,"item":"assaultvest","ivs":{"atk":31,"def":31,"hp":31,"spa":31,"spd":31,"spe":31},"level":100,"moves":["avalanche","rapidspin","rocktomb","bodypress"],"name":"Avalugg","nature":"Adamant","species":"Avalugg"}],"roomid":1016719,"score":[4,4],"seed":[11690,53365,48644,49989],"timestamp":"Sat Dec 28 2019 11:XX","turns":18,"winner":"6204","rated_battle":true,"average_rating":1450}