{"endType":"normal","format":"gen8ou","inputLog":[">version aa9f8c6b9cf4eca780a1296832ecd3b0009641e0",">version-origin 5e8529faaa5905c5f8e15eafaaefa806ee8c7d06",">start {\"formatid\":\"gen8ou\",\"seed\":[62855,32298,22789,34355],\"rated\":\"Rated battle\"}",">player p1 {\"\"name\":\"5666\",\"rating\":1296}",">player p2 {\"\"name\":\"38978\",\"rating\":1258}",">p1 team 6, 2, 3, 4, 5, 1",">p2 team 2, 1, 3, 4, 5, 6",">p1 move wish",">p2 move icebeam",">p1 move airslash",">p2 move icebeam",">p1 switch 6",">p2 switch 2",">p1 switch 4",">p2 move irondefense",">p1 move stealthrock",">p2 move bodypress",">p1 switch 2",">p1 move snipeshot",">p2 move bodypress",">p1 switch 5",">p1 move boomburst",">p2 move earthquake",">p2 switch 2",">p1 move boomburst",">p2 move earthpower",">p1 switch 4",">p1 move dragondance",">p2 move recover",">p1 move dragondance",">p2 move scald",">p1 move icepunch",">p2 move scald",">p1 move icepunch",">p2 move scald",">p2 switch 4",">p1 move rockslide",">p2 move willowisp",">p1 move icepunch",">p2 move strengthsap",">p2 switch 3",">p1 move firepunch",">p2 move bravebird",">p2 switch 6",">p1 move rockslide",">p2 move uturn",">p2 switch 5",">p1 move icepunch",">p2 move flashcannon"],"log":["|j|\u26065666","|j|\u260638978","|player|p1|5666|veteran|1296","|player|p2|38978|clerkf|1258","|teamsize|p1|6","|teamsize|p2|6","|gametype|singles","|gen|8","|tier|[Gen 8] OU","|rated|","|rule|Sleep Clause Mod: Limit one foe put to sleep","|rule|Species Clause: Limit one of each Pok\u00e9mon","|rule|OHKO Clause: OHKO moves are banned","|rule|Evasion Moves Clause: Evasion moves are banned","|rule|Endless Battle Clause: Forcing endless battles is banned","|rule|HP Percentage Mod: HP is shown in percentages","|clearpoke","|poke|p1|Tyranitar, M|","|poke|p1|Inteleon, M|","|poke|p1|Mimikyu, M|","|poke|p1|Excadrill, M|","|poke|p1|Toxtricity, M|","|poke|p1|Togekiss, F|","|poke|p2|Steelix, M|","|poke|p2|Gastrodon, M|","|poke|p2|Corviknight, F|","|poke|p2|Jellicent, M|","|poke|p2|Hydreigon, F|","|poke|p2|Cinderace, M|","|rule|Dynamax Clause: You cannot dynamax","|teampreview","|","|start","|switch|p1a: Togekiss|Togekiss, F|373\/373","|switch|p2a: Gastrodon|Gastrodon, M|426\/426","|turn|1","|","|move|p1a: Togekiss|Wish|p1a: Togekiss","|move|p2a: Gastrodon|Ice Beam|p1a: Togekiss","|-supereffective|p1a: Togekiss","|-damage|p1a: Togekiss|277\/373","|","|-heal|p1a: Togekiss|300\/373|[from] item: Leftovers","|upkeep","|turn|2","|","|move|p1a: Togekiss|Air Slash|p2a: Gastrodon","|-damage|p2a: Gastrodon|341\/426","|move|p2a: Gastrodon|Ice Beam|p1a: Togekiss","|-supereffective|p1a: Togekiss","|-damage|p1a: Togekiss|214\/373","|","|-heal|p1a: Togekiss|373\/373|[from] move: Wish|[wisher] Togekiss","|-heal|p2a: Gastrodon|367\/426|[from] item: Leftovers","|upkeep","|turn|3","|","|switch|p1a: Tyranitar|Tyranitar, M|342\/342","|-weather|Sandstorm|[from] ability: Sand Stream|[of] p1a: Tyranitar","|switch|p2a: Steelix|Steelix, M|354\/354","|","|-weather|Sandstorm|[upkeep]","|upkeep","|turn|4","|","|switch|p1a: Excadrill|Excadrill, M|361\/361","|-ability|p1a: Excadrill|Mold Breaker","|-item|p1a: Excadrill|Air Balloon","|move|p2a: Steelix|Iron Defense|p2a: Steelix","|-boost|p2a: Steelix|def|2","|","|-weather|Sandstorm|[upkeep]","|upkeep","|turn|5","|","|move|p1a: Excadrill|Stealth Rock|p2a: Steelix","|-sidestart38978|move: Stealth Rock","|move|p2a: Steelix|Body Press|p1a: Excadrill","|-supereffective|p1a: Excadrill","|-damage|p1a: Excadrill|0 fnt","|-enditem|p1a: Excadrill|Air Balloon","|faint|p1a: Excadrill","|","|-weather|Sandstorm|[upkeep]","|upkeep","|","|switch|p1a: Inteleon|Inteleon, M|281\/281","|turn|6","|","|move|p1a: Inteleon|Snipe Shot|p2a: Steelix","|-supereffective|p2a: Steelix","|-ability|p2a: Steelix|Sturdy","|-damage|p2a: Steelix|1\/354","|move|p2a: Steelix|Body Press|p1a: Inteleon","|-damage|p1a: Inteleon|0 fnt","|faint|p1a: Inteleon","|","|-weather|Sandstorm|[upkeep]","|-heal|p2a: Steelix|23\/354|[from] item: Leftovers","|upkeep","|","|switch|p1a: Toxtricity|Toxtricity, M|291\/291","|turn|7","|","|move|p1a: Toxtricity|Boomburst|p2a: Steelix","|-resisted|p2a: Steelix","|-damage|p2a: Steelix|0 fnt","|-enditem|p1a: Toxtricity|Throat Spray","|-boost|p1a: Toxtricity|spa|1","|faint|p2a: Steelix","|","|-weather|none","|upkeep","|","|switch|p2a: Gastrodon|Gastrodon, M|367\/426","|-damage|p2a: Gastrodon|341\/426|[from] Stealth Rock","|turn|8","|","|move|p1a: Toxtricity|Boomburst|p2a: Gastrodon","|-damage|p2a: Gastrodon|98\/426","|move|p2a: Gastrodon|Earth Power|p1a: Toxtricity","|-supereffective|p1a: Toxtricity","|-damage|p1a: Toxtricity|0 fnt","|faint|p1a: Toxtricity","|","|-heal|p2a: Gastrodon|124\/426|[from] item: Leftovers","|upkeep","|","|switch|p1a: Tyranitar|Tyranitar, M|342\/342","|-weather|Sandstorm|[from] ability: Sand Stream|[of] p1a: Tyranitar","|turn|9","|","|move|p1a: Tyranitar|Dragon Dance|p1a: Tyranitar","|-boost|p1a: Tyranitar|atk|1","|-boost|p1a: Tyranitar|spe|1","|move|p2a: Gastrodon|Recover|p2a: Gastrodon","|-heal|p2a: Gastrodon|337\/426","|","|-weather|Sandstorm|[upkeep]","|-heal|p2a: Gastrodon|363\/426|[from] item: Leftovers","|upkeep","|turn|10","|","|move|p1a: Tyranitar|Dragon Dance|p1a: Tyranitar","|-boost|p1a: Tyranitar|atk|1","|-boost|p1a: Tyranitar|spe|1","|move|p2a: Gastrodon|Scald|p1a: Tyranitar","|-supereffective|p1a: Tyranitar","|-damage|p1a: Tyranitar|234\/342","|-enditem|p1a: Tyranitar|Weakness Policy","|-boost|p1a: Tyranitar|atk|2","|-boost|p1a: Tyranitar|spa|2","|","|-weather|Sandstorm|[upkeep]","|-heal|p2a: Gastrodon|389\/426|[from] item: Leftovers","|upkeep","|turn|11","|","|move|p1a: Tyranitar|Ice Punch|p2a: Gastrodon","|-damage|p2a: Gastrodon|48\/426","|move|p2a: Gastrodon|Scald|p1a: Tyranitar","|-supereffective|p1a: Tyranitar","|-damage|p1a: Tyranitar|118\/342","|","|-weather|Sandstorm|[upkeep]","|-heal|p2a: Gastrodon|74\/426|[from] item: Leftovers","|upkeep","|turn|12","|","|move|p1a: Tyranitar|Ice Punch|p2a: Gastrodon","|-damage|p2a: Gastrodon|0 fnt","|faint|p2a: Gastrodon","|","|-weather|Sandstorm|[upkeep]","|upkeep","|","|switch|p2a: Jellicent|Jellicent, M|404\/404","|-damage|p2a: Jellicent|354\/404|[from] Stealth Rock","|turn|13","|","|move|p1a: Tyranitar|Rock Slide|p2a: Jellicent","|-damage|p2a: Jellicent|15\/404","|move|p2a: Jellicent|Will-O-Wisp|p1a: Tyranitar|[miss]","|-miss|p2a: Jellicent|p1a: Tyranitar","|","|-weather|none","|-heal|p2a: Jellicent|40\/404|[from] item: Leftovers","|upkeep","|turn|14","|","|move|p1a: Tyranitar|Ice Punch|p2a: Jellicent","|-resisted|p2a: Jellicent","|-damage|p2a: Jellicent|0 fnt","|faint|p2a: Jellicent","|","|upkeep","|","|switch|p2a: Corviknight|Corviknight, F|399\/399","|-damage|p2a: Corviknight|350\/399|[from] Stealth Rock","|-ability|p2a: Corviknight|Pressure","|turn|15","|","|move|p1a: Tyranitar|Fire Punch|p2a: Corviknight","|-supereffective|p2a: Corviknight","|-damage|p2a: Corviknight|0 fnt","|-damage|p1a: Tyranitar|61\/342|[from] item: Rocky Helmet|[of] p2a: Corviknight","|faint|p2a: Corviknight","|","|upkeep","|","|switch|p2a: Cinderace|Cinderace, M|301\/301","|-damage|p2a: Cinderace|226\/301|[from] Stealth Rock","|turn|16","|","|move|p1a: Tyranitar|Rock Slide|p2a: Cinderace","|-supereffective|p2a: Cinderace","|-damage|p2a: Cinderace|0 fnt","|faint|p2a: Cinderace","|","|upkeep","|","|switch|p2a: Hydreigon|Hydreigon, F|325\/325","|-damage|p2a: Hydreigon|285\/325|[from] Stealth Rock","|turn|17","|","|move|p1a: Tyranitar|Ice Punch|p2a: Hydreigon","|-supereffective|p2a: Hydreigon","|-damage|p2a: Hydreigon|0 fnt","|faint|p2a: Hydreigon","|","|win|5666","|l|\u260638978","|raw|5666's rating: 1297 &rarr; <strong>1318<\/strong><br \/>(+21 for winning)","|raw|38978's rating: 1236 &rarr; <strong>1215<\/strong><br \/>(-21 for losing)",""],"p1":"5666","p1rating":1296,"p1team":[{"ability":"sandstream","evs":{"atk":252,"def":0,"hp":4,"spa":0,"spd":0,"spe":252},"gender":"M","happiness":160,"item":"weaknesspolicy","ivs":{"atk":31,"def":31,"hp":31,"spa":31,"spd":31,"spe":31},"level":100,"moves":["dragondance","rockslide","firepunch","icepunch"],"name":"Tyranitar","nature":"Jolly","species":"Tyranitar"},{"ability":"torrent","evs":{"atk":0,"def":0,"hp":0,"spa":252,"spd":4,"spe":252},"gender":"M","happiness":160,"item":"choicespecs","ivs":{"atk":0,"def":31,"hp":31,"spa":31,"spd":31,"spe":31},"level":100,"moves":["snipeshot","airslash","icebeam","darkpulse"],"name":"Inteleon","nature":"Timid","species":"Inteleon"},{"ability":"disguise","evs":{"atk":252,"def":0,"hp":0,"spa":0,"spd":4,"spe":252},"gender":"M","happiness":160,"item":"lumberry","ivs":{"atk":31,"def":31,"hp":31,"spa":31,"spd":31,"spe":31},"level":100,"moves":["swordsdance","playrough","shadowsneak","woodhammer"],"name":"Mimikyu","nature":"Jolly","species":"Mimikyu"},{"ability":"moldbreaker","evs":{"atk":252,"def":0,"hp":0,"spa":0,"spd":4,"spe":252},"gender":"M","happiness":160,"item":"airballoon","ivs":{"atk":31,"def":31,"hp":31,"spa":31,"spd":31,"spe":31},"level":100,"moves":["stealthrock","rapidspin","earthquake","ironhead"],"name":"Excadrill","nature":"Jolly","species":"Excadrill"},{"ability":"punkrock","evs":{"atk":0,"def":0,"hp":0,"spa":252,"spd":4,"spe":252},"gender":"M","happiness":160,"item":"throatspray","ivs":{"atk":31,"def":31,"hp":31,"spa":31,"spd":31,"spe":31},"level":100,"moves":["shiftgear","overdrive","boomburst","firepunch"],"name":"Toxtricity","nature":"Mild","species":"Toxtricity"},{"ability":"serenegrace","evs":{"atk":0,"def":0,"hp":248,"spa":0,"spd":252,"spe":8},"gender":"F","happiness":160,"item":"leftovers","ivs":{"atk":0,"def":31,"hp":31,"spa":31,"spd":31,"spe":31},"level":100,"moves":["wish","thunderwave","airslash","fireblast"],"name":"Togekiss","nature":"Calm","species":"Togekiss"}],"p2":"38978","p2rating":1258,"p2team":[{"ability":"sturdy","evs":{"atk":0,"def":0,"hp":252,"spa":0,"spd":216,"spe":40},"happiness":160,"item":"leftovers","ivs":{"atk":31,"def":31,"hp":31,"spa":31,"spd":31,"spe":31},"level":100,"moves":["irondefense","bodypress","earthquake","stealthrock"],"name":"Steelix","nature":"Careful","species":"Steelix"},{"ability":"stormdrain","evs":{"atk":0,"def":4,"hp":252,"spa":0,"spd":252,"spe":0},"happiness":160,"item":"leftovers","ivs":{"atk":0,"def":31,"hp":31,"spa":31,"spd":31,"spe":31},"level":100,"moves":["scald","earthpower","icebeam","recover"],"name":"Gastrodon","nature":"Calm","species":"Gastrodon"},{"ability":"pressure","evs":{"atk":8,"def":252,"hp":248,"spa":0,"spd":0,"spe":0},"happiness":160,"item":"rockyhelmet","ivs":{"atk":31,"def":31,"hp":31,"spa":31,"spd":31,"spe":31},"level":100,"moves":["bravebird","uturn","defog","roost"],"name":"Corviknight","nature":"Impish","species":"Corviknight"},{"ability":"waterabsorb","evs":{"atk":0,"def":252,"hp":252,"spa":4,"spd":0,"spe":0},"happiness":160,"item":"leftovers","ivs":{"atk":0,"def":31,"hp":31,"spa":31,"spd":31,"spe":31},"level":100,"moves":["scald","willowisp","hex","strengthsap"],"name":"Jellicent","nature":"Bold","species":"Jellicent"},{"ability":"levitate","evs":{"atk":0,"def":0,"hp":0,"spa":252,"spd":4,"spe":252},"happiness":160,"item":"choicescarf","ivs":{"atk":0,"def":31,"hp":31,"spa":31,"spd":31,"spe":31},"level":100,"moves":["darkpulse","dracometeor","fireblast","flashcannon"],"name":"Hydreigon","nature":"Timid","species":"Hydreigon"},{"ability":"blaze","evs":{"atk":252,"def":0,"hp":0,"spa":0,"spd":4,"spe":252},"happiness":160,"item":"choiceband","ivs":{"atk":31,"def":31,"hp":31,"spa":31,"spd":31,"spe":31},"level":100,"moves":["pyroball","uturn","suckerpunch","highjumpkick"],"name":"Cinderace","nature":"Jolly","species":"Cinderace"}],"roomid":1016929,"score":[3,0],"seed":[62855,32298,22789,34355],"timestamp":"Sat Dec 28 2019 18:XX","turns":17,"winner":"5666","rated_battle":true,"average_rating":1277}