{"endType":"normal","format":"gen8ou","inputLog":[">version aa9f8c6b9cf4eca780a1296832ecd3b0009641e0",">version-origin 5e8529faaa5905c5f8e15eafaaefa806ee8c7d06",">start {\"formatid\":\"gen8ou\",\"seed\":[33485,65522,29621,56948],\"rated\":\"Rated battle\"}",">player p1 {\"\"name\":\"6089\",\"rating\":1261}",">player p2 {\"\"name\":\"614\",\"rating\":1235}",">p1 team 5, 2, 3, 4, 1, 6",">p2 team 3, 2, 1, 4, 5, 6",">p1 move stickyweb",">p2 move toxic",">p1 switch 2",">p2 move stealthrock",">p1 move seedbomb",">p2 move scald",">p1 move crunch",">p2 switch 5",">p1 move aurawheel",">p2 move leechlife",">p2 switch 6",">p1 switch 5",">p2 move iceshard",">p1 switch 2",">p1 switch 5",">p2 switch 5",">p1 move aurawheel",">p2 move scald",">p1 switch 5",">p2 switch 4",">p1 move liquidation",">p2 move bravebird",">p1 move liquidation",">p2 move bravebird",">p1 switch 3",">p1 move firefang",">p2 switch 5",">p1 move firefang",">p2 move earthquake",">p2 switch 5",">p1 move thunderfang",">p2 move defog",">p2 switch 3",">p1 move crunch",">p2 move psychic",">p1 switch 4",">p1 move shadowsneak",">p2 move dazzlinggleam",">p2 switch 2",">p1 move playrough",">p2 move throatchop"],"log":["|j|\u26066089","|j|\u2606614","|player|p1|6089|byron|1261","|player|p2|614|265|1235","|teamsize|p1|6","|teamsize|p2|6","|gametype|singles","|gen|8","|tier|[Gen 8] OU","|rated|","|rule|Sleep Clause Mod: Limit one foe put to sleep","|rule|Species Clause: Limit one of each Pok\u00e9mon","|rule|OHKO Clause: OHKO moves are banned","|rule|Evasion Moves Clause: Evasion moves are banned","|rule|Endless Battle Clause: Forcing endless battles is banned","|rule|HP Percentage Mod: HP is shown in percentages","|clearpoke","|poke|p1|Dugtrio, M|","|poke|p1|Morpeko, F|","|poke|p1|Boltund, F|","|poke|p1|Mimikyu, M|","|poke|p1|Araquanid, F|","|poke|p1|Bisharp, M|","|poke|p2|Mew|","|poke|p2|Weavile, F|","|poke|p2|Seismitoad, M|","|poke|p2|Corviknight, M|","|poke|p2|Centiskorch, F|","|poke|p2|Mamoswine, M|","|rule|Dynamax Clause: You cannot dynamax","|teampreview","|","|start","|switch|p1a: Araquanid|Araquanid, F|339\/339","|switch|p2a: Seismitoad|Seismitoad, M|414\/414","|turn|1","|","|move|p2a: Seismitoad|Toxic|p1a: Araquanid","|-status|p1a: Araquanid|tox","|move|p1a: Araquanid|Sticky Web|p2a: Seismitoad","|-sidestart614|move: Sticky Web","|","|-damage|p1a: Araquanid|318\/339 tox|[from] psn","|upkeep","|turn|2","|","|switch|p1a: Morpeko|Morpeko, F|257\/257","|move|p2a: Seismitoad|Stealth Rock|p1a: Morpeko","|-sidestart6089|move: Stealth Rock","|","|-formechange|p1a: Morpeko|Morpeko-Hangry||[from] ability: Hunger Switch","|upkeep","|turn|3","|","|move|p1a: Morpeko|Seed Bomb|p2a: Seismitoad","|-supereffective|p2a: Seismitoad","|-damage|p2a: Seismitoad|34\/414","|-damage|p1a: Morpeko|232\/257|[from] item: Life Orb","|move|p2a: Seismitoad|Scald|p1a: Morpeko","|-damage|p1a: Morpeko|97\/257","|","|-heal|p2a: Seismitoad|59\/414|[from] item: Leftovers","|-formechange|p1a: Morpeko|Morpeko||[from] ability: Hunger Switch","|upkeep","|turn|4","|","|switch|p2a: Centiskorch|Centiskorch, F|403\/403","|move|p1a: Morpeko|Crunch|p2a: Centiskorch","|-damage|p2a: Centiskorch|222\/403","|-damage|p1a: Morpeko|72\/257|[from] item: Life Orb","|","|-formechange|p1a: Morpeko|Morpeko-Hangry||[from] ability: Hunger Switch","|upkeep","|turn|5","|","|move|p1a: Morpeko|Aura Wheel|p2a: Centiskorch","|-damage|p2a: Centiskorch|0 fnt","|-boost|p1a: Morpeko|spe|1","|-damage|p1a: Morpeko|47\/257|[from] item: Life Orb","|faint|p2a: Centiskorch","|","|-formechange|p1a: Morpeko|Morpeko||[from] ability: Hunger Switch","|upkeep","|","|switch|p2a: Mamoswine|Mamoswine, M|361\/361","|-activate|p2a: Mamoswine|move: Sticky Web","|-unboost|p2a: Mamoswine|spe|1","|turn|6","|","|switch|p1a: Dugtrio|Dugtrio, M|211\/211","|-damage|p1a: Dugtrio|198\/211|[from] Stealth Rock","|move|p2a: Mamoswine|Ice Shard|p1a: Dugtrio","|-supereffective|p1a: Dugtrio","|-damage|p1a: Dugtrio|0 fnt","|faint|p1a: Dugtrio","|","|upkeep","|","|switch|p1a: Araquanid|Araquanid, F|318\/339 tox","|turn|7","|","|switch|p2a: Seismitoad|Seismitoad, M|59\/414","|-activate|p2a: Seismitoad|move: Sticky Web","|-unboost|p2a: Seismitoad|spe|1","|switch|p1a: Morpeko|Morpeko, F|47\/257","|-damage|p1a: Morpeko|15\/257|[from] Stealth Rock","|","|-heal|p2a: Seismitoad|84\/414|[from] item: Leftovers","|-formechange|p1a: Morpeko|Morpeko-Hangry||[from] ability: Hunger Switch","|upkeep","|turn|8","|","|move|p1a: Morpeko|Aura Wheel|p2a: Seismitoad","|-damage|p2a: Seismitoad|0 fnt","|-boost|p1a: Morpeko|spe|1","|-damage|p1a: Morpeko|0 fnt|[from] item: Life Orb","|faint|p2a: Seismitoad","|faint|p1a: Morpeko","|","|upkeep","|","|switch|p1a: Araquanid|Araquanid, F|318\/339 tox","|switch|p2a: Corviknight|Corviknight, M|400\/400","|-ability|p2a: Corviknight|Pressure","|turn|9","|","|move|p2a: Corviknight|Brave Bird|p1a: Araquanid","|-supereffective|p1a: Araquanid","|-damage|p1a: Araquanid|90\/339 tox","|-damage|p2a: Corviknight|325\/400|[from] Recoil","|move|p1a: Araquanid|Liquidation|p2a: Corviknight","|-damage|p2a: Corviknight|130\/400","|","|-heal|p2a: Corviknight|155\/400|[from] item: Leftovers","|-damage|p1a: Araquanid|69\/339 tox|[from] psn","|upkeep","|turn|10","|","|move|p2a: Corviknight|Brave Bird|p1a: Araquanid","|-supereffective|p1a: Araquanid","|-damage|p1a: Araquanid|0 fnt","|-damage|p2a: Corviknight|132\/400|[from] Recoil","|faint|p1a: Araquanid","|","|-heal|p2a: Corviknight|157\/400|[from] item: Leftovers","|upkeep","|","|switch|p1a: Boltund|Boltund, F|279\/279","|-damage|p1a: Boltund|245\/279|[from] Stealth Rock","|turn|11","|","|switch|p2a: Mamoswine|Mamoswine, M|361\/361","|-activate|p2a: Mamoswine|move: Sticky Web","|-unboost|p2a: Mamoswine|spe|1","|move|p1a: Boltund|Fire Fang|p2a: Mamoswine","|-supereffective|p2a: Mamoswine","|-damage|p2a: Mamoswine|197\/361","|-damage|p1a: Boltund|218\/279|[from] item: Life Orb","|","|upkeep","|turn|12","|","|move|p1a: Boltund|Fire Fang|p2a: Mamoswine","|-supereffective|p2a: Mamoswine","|-crit|p2a: Mamoswine","|-damage|p2a: Mamoswine|0 fnt","|-damage|p1a: Boltund|191\/279|[from] item: Life Orb","|faint|p2a: Mamoswine","|","|upkeep","|","|switch|p2a: Corviknight|Corviknight, M|157\/400","|-ability|p2a: Corviknight|Pressure","|turn|13","|","|move|p1a: Boltund|Thunder Fang|p2a: Corviknight","|-supereffective|p2a: Corviknight","|-damage|p2a: Corviknight|0 fnt","|-damage|p1a: Boltund|164\/279|[from] item: Life Orb","|faint|p2a: Corviknight","|","|upkeep","|","|switch|p2a: Mew|Mew|341\/341","|-activate|p2a: Mew|move: Sticky Web","|-unboost|p2a: Mew|spe|1","|turn|14","|","|move|p1a: Boltund|Crunch|p2a: Mew","|-supereffective|p2a: Mew","|-damage|p2a: Mew|24\/341","|-damage|p1a: Boltund|137\/279|[from] item: Life Orb","|move|p2a: Mew|Psychic|p1a: Boltund","|-damage|p1a: Boltund|0 fnt","|faint|p1a: Boltund","|","|upkeep","|","|switch|p1a: Mimikyu|Mimikyu, M|251\/251","|-damage|p1a: Mimikyu|220\/251|[from] Stealth Rock","|turn|15","|","|move|p1a: Mimikyu|Shadow Sneak|p2a: Mew","|-supereffective|p2a: Mew","|-damage|p2a: Mew|0 fnt","|-damage|p1a: Mimikyu|195\/251|[from] item: Life Orb","|faint|p2a: Mew","|","|upkeep","|","|switch|p2a: Weavile|Weavile, F|281\/281","|-activate|p2a: Weavile|move: Sticky Web","|-unboost|p2a: Weavile|spe|1","|-ability|p2a: Weavile|Pressure","|turn|16","|","|move|p2a: Weavile|Throat Chop|p1a: Mimikyu","|-activate|p1a: Mimikyu|ability: Disguise","|-damage|p1a: Mimikyu|195\/251","|-start|p1a: Mimikyu|Throat Chop|[silent]","|detailschange|p1a: Mimikyu|Mimikyu-Busted, M","|-damage|p1a: Mimikyu|164\/251|[from] ability: Disguise|[of] p1a: Mimikyu","|move|p1a: Mimikyu|Play Rough|p2a: Weavile","|-supereffective|p2a: Weavile","|-damage|p2a: Weavile|0 fnt","|-damage|p1a: Mimikyu|139\/251|[from] item: Life Orb","|faint|p2a: Weavile","|","|win|6089","|l|\u26066089","|raw|6089's rating: 1261 &rarr; <strong>1284<\/strong><br \/>(+23 for winning)","|raw|614's rating: 1235 &rarr; <strong>1211<\/strong><br \/>(-24 for losing)",""],"p1":"6089","p1rating":1261,"p1team":[{"ability":"arenatrap","evs":{"atk":252,"def":0,"hp":0,"spa":0,"spd":4,"spe":252},"happiness":160,"item":"focussash","ivs":{"atk":31,"def":31,"hp":31,"spa":31,"spd":31,"spe":31},"level":100,"moves":["stealthrock","reversal","suckerpunch","earthquake"],"name":"Dugtrio","nature":"Adamant","species":"Dugtrio"},{"ability":"hungerswitch","evs":{"atk":252,"def":0,"hp":0,"spa":0,"spd":4,"spe":252},"happiness":160,"item":"lifeorb","ivs":{"atk":31,"def":31,"hp":31,"spa":31,"spd":31,"spe":31},"level":100,"moves":["aurawheel","firefang","seedbomb","crunch"],"name":"Morpeko","nature":"Adamant","species":"Morpeko"},{"ability":"strongjaw","evs":{"atk":252,"def":0,"hp":0,"spa":0,"spd":4,"spe":252},"happiness":160,"item":"lifeorb","ivs":{"atk":31,"def":31,"hp":31,"spa":31,"spd":31,"spe":31},"level":100,"moves":["firefang","thunderfang","crunch","playrough"],"name":"Boltund","nature":"Adamant","species":"Boltund"},{"ability":"disguise","evs":{"atk":252,"def":0,"hp":0,"spa":0,"spd":4,"spe":252},"happiness":160,"item":"lifeorb","ivs":{"atk":31,"def":31,"hp":31,"spa":31,"spd":31,"spe":31},"level":100,"moves":["swordsdance","shadowclaw","shadowsneak","playrough"],"name":"Mimikyu","nature":"Jolly","species":"Mimikyu"},{"ability":"waterbubble","evs":{"atk":252,"def":8,"hp":248,"spa":0,"spd":0,"spe":0},"happiness":160,"item":"heavydutyboots","ivs":{"atk":31,"def":31,"hp":31,"spa":31,"spd":31,"spe":31},"level":100,"moves":["crunch","stickyweb","liquidation","leechlife"],"name":"Araquanid","nature":"Adamant","species":"Araquanid"},{"ability":"defiant","evs":{"atk":252,"def":0,"hp":0,"spa":0,"spd":4,"spe":252},"happiness":160,"item":"dreadplate","ivs":{"atk":31,"def":31,"hp":31,"spa":31,"spd":31,"spe":31},"level":100,"moves":["swordsdance","throatchop","suckerpunch","ironhead"],"name":"Bisharp","nature":"Adamant","species":"Bisharp"}],"p2":"614","p2rating":1235,"p2team":[{"ability":"synchronize","evs":{"atk":0,"def":0,"hp":0,"spa":252,"spd":4,"spe":252},"gender":"N","happiness":160,"item":"expertbelt","ivs":{"atk":31,"def":31,"hp":31,"spa":31,"spd":31,"spe":31},"level":100,"moves":["nastyplot","fireblast","dazzlinggleam","psychic"],"name":"Mew","nature":"Modest","species":"Mew"},{"ability":"pressure","evs":{"atk":252,"def":0,"hp":0,"spa":0,"spd":4,"spe":252},"happiness":160,"item":"choicescarf","ivs":{"atk":31,"def":31,"hp":31,"spa":31,"spd":31,"spe":31},"level":100,"moves":["lowkick","poisonjab","throatchop","iciclecrash"],"name":"Weavile","nature":"Adamant","species":"Weavile"},{"ability":"waterabsorb","evs":{"atk":0,"def":252,"hp":252,"spa":0,"spd":4,"spe":0},"happiness":160,"item":"leftovers","ivs":{"atk":0,"def":31,"hp":31,"spa":31,"spd":31,"spe":31},"level":100,"moves":["stealthrock","toxic","earthpower","scald"],"name":"Seismitoad","nature":"Bold","species":"Seismitoad"},{"ability":"pressure","evs":{"atk":0,"def":80,"hp":252,"spa":0,"spd":176,"spe":0},"happiness":160,"item":"leftovers","ivs":{"atk":31,"def":31,"hp":31,"spa":31,"spd":31,"spe":31},"level":100,"moves":["bravebird","roost","defog","uturn"],"name":"Corviknight","nature":"Bold","species":"Corviknight"},{"ability":"flashfire","evs":{"atk":20,"def":232,"hp":248,"spa":0,"spd":8,"spe":0},"happiness":160,"item":"heavydutyboots","ivs":{"atk":31,"def":31,"hp":31,"spa":31,"spd":31,"spe":31},"level":100,"moves":["firelash","leechlife","rest","sleeptalk"],"name":"Centiskorch","nature":"Adamant","species":"Centiskorch"},{"ability":"thickfat","evs":{"atk":252,"def":0,"hp":0,"spa":0,"spd":4,"spe":252},"happiness":160,"item":"choiceband","ivs":{"atk":31,"def":31,"hp":31,"spa":31,"spd":31,"spe":31},"level":100,"moves":["superpower","earthquake","iciclecrash","iceshard"],"name":"Mamoswine","nature":"Jolly","species":"Mamoswine"}],"roomid":102356,"score":[2,0],"seed":[33485,65522,29621,56948],"timestamp":"Mon Dec 30 2019 16:XX","turns":16,"winner":"6089","rated_battle":true,"average_rating":1248}