{"endType":"normal","format":"gen8ou","inputLog":[">version aa9f8c6b9cf4eca780a1296832ecd3b0009641e0",">version-origin 5e8529faaa5905c5f8e15eafaaefa806ee8c7d06",">start {\"formatid\":\"gen8ou\",\"seed\":[11771,13495,30510,44617],\"rated\":\"Rated battle\"}",">player p1 {\"\"name\":\"25025\",\"rating\":1388}",">player p2 {\"\"name\":\"30455\",\"rating\":1326}",">p1 team 2, 1, 3, 4, 5, 6",">p2 team 2, 1, 3, 4, 5, 6",">p1 move taunt",">p2 switch 6",">p1 move stealthrock",">p2 switch 5",">p1 move rocktomb",">p2 move overheat",">p1 move spikes",">p2 switch 5",">p1 move taunt",">p2 switch 6",">p1 move spikes",">p2 move earthquake",">p1 switch 2",">p1 move gigadrain",">p2 switch 3",">p1 move gigadrain",">p2 move rockblast",">p1 move gigadrain",">p2 move crunch",">p1 switch 3",">p1 move kingsshield",">p2 move crunch",">p1 move swordsdance",">p2 move crunch",">p1 move ironhead",">p2 move crunch",">p2 switch 3",">p1 move shadowsneak",">p2 move suckerpunch",">p1 switch 5",">p1 move moonblast",">p2 move screech",">p2 switch 6",">p1 move flamethrower",">p2 move defog",">p1 move flamethrower",">p2 switch 5",">p1 move moonblast",">p2 move overheat",">p2 switch 2",">p1 move moonblast",">p2 move earthquake",">p1 switch 6",">p1 move earthquake",">p2 switch 4",">p1 move toxic",">p2 move toxic",">p1 move earthquake",">p2 move earthpower",">p1 move earthquake",">p2 move earthpower",">p1 move protect",">p2 move earthpower",">p1 switch 4",">p2 switch 5",">p1 move knockoff",">p2 move roost",">p1 move knockoff",">p2 move roost",">p1 move facade",">p2 move roost",">p1 move knockoff",">p2 move bodypress",">p1 move facade",">p2 move bodypress",">p2 switch 4",">p1 move facade",">p2 move suckerpunch",">p1 move facade",">p2 move reversal"],"log":["|j|\u260625025","|j|\u260630455","|player|p1|25025|red-gen7|1388","|player|p2|30455|270|1326","|teamsize|p1|6","|teamsize|p2|6","|gametype|singles","|gen|8","|tier|[Gen 8] OU","|rated|","|rule|Sleep Clause Mod: Limit one foe put to sleep","|rule|Species Clause: Limit one of each Pok\u00e9mon","|rule|OHKO Clause: OHKO moves are banned","|rule|Evasion Moves Clause: Evasion moves are banned","|rule|Endless Battle Clause: Forcing endless battles is banned","|rule|HP Percentage Mod: HP is shown in percentages","|clearpoke","|poke|p1|Polteageist|","|poke|p1|Mew|","|poke|p1|Aegislash, M|","|poke|p1|Obstagoon, F|","|poke|p1|Clefable, M|","|poke|p1|Seismitoad, M|","|poke|p2|Dugtrio, F|","|poke|p2|Diglett, M|","|poke|p2|Tyranitar, M|","|poke|p2|Seismitoad, F|","|poke|p2|Rotom-Heat|","|poke|p2|Corviknight, M|","|rule|Dynamax Clause: You cannot dynamax","|teampreview","|","|start","|switch|p1a: Mew|Mew|341\/341","|switch|p2a: Diglett|Diglett, M|161\/161","|turn|1","|","|switch|p2a: Corviknight|Corviknight, M|400\/400","|-ability|p2a: Corviknight|Pressure","|move|p1a: Mew|Taunt|p2a: Corviknight","|-start|p2a: Corviknight|move: Taunt","|","|upkeep","|turn|2","|","|switch|p2a: Rotom|Rotom-Heat|241\/241","|move|p1a: Mew|Stealth Rock|p2a: Rotom","|-sidestart30455|move: Stealth Rock","|","|upkeep","|turn|3","|","|move|p1a: Mew|Rock Tomb|p2a: Rotom","|-supereffective|p2a: Rotom","|-damage|p2a: Rotom|123\/241","|-unboost|p2a: Rotom|spe|1","|move|p2a: Rotom|Overheat|p1a: Mew","|-damage|p1a: Mew|22\/341","|-unboost|p2a: Rotom|spa|2","|","|upkeep","|turn|4","|","|switch|p2a: Corviknight|Corviknight, M|400\/400","|-damage|p2a: Corviknight|350\/400|[from] Stealth Rock","|-ability|p2a: Corviknight|Pressure","|move|p1a: Mew|Spikes|p2a: Corviknight","|-sidestart30455|Spikes","|","|-heal|p2a: Corviknight|375\/400|[from] item: Leftovers","|upkeep","|turn|5","|","|switch|p2a: Diglett|Diglett, M|161\/161","|-damage|p2a: Diglett|141\/161|[from] Spikes","|-damage|p2a: Diglett|131\/161|[from] Stealth Rock","|move|p1a: Mew|Taunt|p2a: Diglett","|-start|p2a: Diglett|move: Taunt","|","|upkeep","|turn|6","|","|move|p1a: Mew|Spikes|p2a: Diglett","|-sidestart30455|Spikes","|move|p2a: Diglett|Earthquake|p1a: Mew","|-damage|p1a: Mew|0 fnt","|faint|p1a: Mew","|","|upkeep","|","|switch|p1a: Polteageist|Polteageist|261\/261","|turn|7","|","|switch|p2a: Tyranitar|Tyranitar, M|404\/404","|-damage|p2a: Tyranitar|354\/404|[from] Stealth Rock","|-damage|p2a: Tyranitar|287\/404|[from] Spikes","|-weather|Sandstorm|[from] ability: Sand Stream|[of] p2a: Tyranitar","|move|p1a: Polteageist|Giga Drain|p2a: Tyranitar","|-supereffective|p2a: Tyranitar","|-damage|p2a: Tyranitar|195\/404","|","|-weather|Sandstorm|[upkeep]","|-damage|p1a: Polteageist|245\/261|[from] Sandstorm","|upkeep","|turn|8","|","|move|p1a: Polteageist|Giga Drain|p2a: Tyranitar","|-supereffective|p2a: Tyranitar","|-damage|p2a: Tyranitar|111\/404","|-heal|p1a: Polteageist|261\/261|[from] drain|[of] p2a: Tyranitar","|move|p2a: Tyranitar|Rock Blast|p1a: Polteageist","|-damage|p1a: Polteageist|192\/261","|-ability|p1a: Polteageist|Weak Armor|boost","|-unboost|p1a: Polteageist|def|1","|-boost|p1a: Polteageist|spe|2","|-damage|p1a: Polteageist|78\/261","|-ability|p1a: Polteageist|Weak Armor|boost","|-unboost|p1a: Polteageist|def|1","|-boost|p1a: Polteageist|spe|2","|-hitcount|p1a: Polteageist|2","|","|-weather|Sandstorm|[upkeep]","|-damage|p1a: Polteageist|62\/261|[from] Sandstorm","|upkeep","|turn|9","|","|move|p1a: Polteageist|Giga Drain|p2a: Tyranitar","|-supereffective|p2a: Tyranitar","|-damage|p2a: Tyranitar|21\/404","|-heal|p1a: Polteageist|107\/261|[from] drain|[of] p2a: Tyranitar","|move|p2a: Tyranitar|Crunch|p1a: Polteageist","|-supereffective|p1a: Polteageist","|-damage|p1a: Polteageist|0 fnt","|faint|p1a: Polteageist","|","|-weather|Sandstorm|[upkeep]","|upkeep","|","|switch|p1a: Aegislash|Aegislash, M|283\/283","|-item|p1a: Aegislash|Air Balloon","|turn|10","|","|move|p1a: Aegislash|King's Shield|p1a: Aegislash","|-singleturn|p1a: Aegislash|Protect","|move|p2a: Tyranitar|Crunch|p1a: Aegislash","|-activate|p1a: Aegislash|move: Protect","|-unboost|p2a: Tyranitar|atk|1","|","|-weather|Sandstorm|[upkeep]","|upkeep","|turn|11","|","|move|p1a: Aegislash|Swords Dance|p1a: Aegislash","|-boost|p1a: Aegislash|atk|2","|move|p2a: Tyranitar|Crunch|p1a: Aegislash","|-supereffective|p1a: Aegislash","|-damage|p1a: Aegislash|125\/283","|-enditem|p1a: Aegislash|Air Balloon","|","|-weather|none","|upkeep","|turn|12","|","|-formechange|p1a: Aegislash|Aegislash-Blade||[from] ability: Stance Change","|move|p1a: Aegislash|Iron Head|p2a: Tyranitar","|-supereffective|p2a: Tyranitar","|-damage|p2a: Tyranitar|0 fnt","|faint|p2a: Tyranitar","|","|upkeep","|","|switch|p2a: Diglett|Diglett, M|131\/161","|-damage|p2a: Diglett|105\/161|[from] Spikes","|-damage|p2a: Diglett|95\/161|[from] Stealth Rock","|turn|13","|","|move|p2a: Diglett|Sucker Punch|p1a: Aegislash","|-supereffective|p1a: Aegislash","|-damage|p1a: Aegislash|0 fnt","|faint|p1a: Aegislash","|","|upkeep","|","|switch|p1a: Clefable|Clefable, M|332\/332","|turn|14","|","|move|p2a: Diglett|Screech|p1a: Clefable","|-unboost|p1a: Clefable|def|2","|move|p1a: Clefable|Moonblast|p2a: Diglett","|-damage|p2a: Diglett|0 fnt","|faint|p2a: Diglett","|","|upkeep","|","|switch|p2a: Corviknight|Corviknight, M|375\/400","|-damage|p2a: Corviknight|325\/400|[from] Stealth Rock","|-ability|p2a: Corviknight|Pressure","|turn|15","|","|move|p1a: Clefable|Flamethrower|p2a: Corviknight","|-supereffective|p2a: Corviknight","|-damage|p2a: Corviknight|156\/400","|-status|p2a: Corviknight|brn","|move|p2a: Corviknight|Defog|p1a: Clefable","|-unboost|p1a: Clefable|evasion|1","|-sideend30455|Spikes|[from] move: Defog|[of] p2a: Corviknight","|-sideend30455|Stealth Rock|[from] move: Defog|[of] p2a: Corviknight","|","|-heal|p2a: Corviknight|181\/400 brn|[from] item: Leftovers","|-damage|p2a: Corviknight|156\/400 brn|[from] brn","|upkeep","|turn|16","|","|switch|p2a: Rotom|Rotom-Heat|123\/241","|move|p1a: Clefable|Flamethrower|p2a: Rotom","|-resisted|p2a: Rotom","|-damage|p2a: Rotom|68\/241","|","|upkeep","|turn|17","|","|move|p2a: Rotom|Overheat|p1a: Clefable","|-damage|p1a: Clefable|29\/332","|-unboost|p2a: Rotom|spa|2","|move|p1a: Clefable|Moonblast|p2a: Rotom","|-resisted|p2a: Rotom","|-damage|p2a: Rotom|0 fnt","|faint|p2a: Rotom","|","|upkeep","|","|switch|p2a: Dugtrio|Dugtrio, F|211\/211","|turn|18","|","|move|p2a: Dugtrio|Earthquake|p1a: Clefable","|-damage|p1a: Clefable|0 fnt","|faint|p1a: Clefable","|","|upkeep","|","|switch|p1a: Seismitoad|Seismitoad, M|414\/414","|turn|19","|","|switch|p2a: Seismitoad|Seismitoad, F|414\/414","|move|p1a: Seismitoad|Earthquake|p2a: Seismitoad","|-damage|p2a: Seismitoad|320\/414","|","|-heal|p2a: Seismitoad|345\/414|[from] item: Leftovers","|upkeep","|turn|20","|","|move|p2a: Seismitoad|Toxic|p1a: Seismitoad","|-status|p1a: Seismitoad|tox","|move|p1a: Seismitoad|Toxic|p2a: Seismitoad","|-status|p2a: Seismitoad|tox","|","|-heal|p2a: Seismitoad|370\/414 tox|[from] item: Leftovers","|-damage|p2a: Seismitoad|345\/414 tox|[from] psn","|-damage|p1a: Seismitoad|389\/414 tox|[from] psn","|upkeep","|turn|21","|","|move|p2a: Seismitoad|Earth Power|p1a: Seismitoad","|-damage|p1a: Seismitoad|266\/414 tox","|move|p1a: Seismitoad|Earthquake|p2a: Seismitoad","|-damage|p2a: Seismitoad|246\/414 tox","|","|-heal|p2a: Seismitoad|271\/414 tox|[from] item: Leftovers","|-heal|p1a: Seismitoad|291\/414 tox|[from] item: Leftovers","|-damage|p2a: Seismitoad|221\/414 tox|[from] psn","|-damage|p1a: Seismitoad|241\/414 tox|[from] psn","|upkeep","|turn|22","|l|\u260625025","|player|p1|","|j|\u260625025","|player|p1|25025|red-gen7","|","|move|p2a: Seismitoad|Earth Power|p1a: Seismitoad","|-damage|p1a: Seismitoad|121\/414 tox","|move|p1a: Seismitoad|Earthquake|p2a: Seismitoad","|-damage|p2a: Seismitoad|124\/414 tox","|","|-heal|p2a: Seismitoad|149\/414 tox|[from] item: Leftovers","|-heal|p1a: Seismitoad|146\/414 tox|[from] item: Leftovers","|-damage|p2a: Seismitoad|74\/414 tox|[from] psn","|-damage|p1a: Seismitoad|71\/414 tox|[from] psn","|upkeep","|turn|23","|","|move|p1a: Seismitoad|Protect|p1a: Seismitoad","|-singleturn|p1a: Seismitoad|Protect","|move|p2a: Seismitoad|Earth Power|p1a: Seismitoad","|-activate|p1a: Seismitoad|move: Protect","|","|-heal|p2a: Seismitoad|99\/414 tox|[from] item: Leftovers","|-heal|p1a: Seismitoad|96\/414 tox|[from] item: Leftovers","|-damage|p2a: Seismitoad|0 fnt|[from] psn","|faint|p2a: Seismitoad","|-damage|p1a: Seismitoad|0 fnt|[from] psn","|faint|p1a: Seismitoad","|upkeep","|","|switch|p2a: Corviknight|Corviknight, M|156\/400 brn","|switch|p1a: Obstagoon|Obstagoon, F|327\/327","|-ability|p2a: Corviknight|Pressure","|turn|24","|","|move|p1a: Obstagoon|Knock Off|p2a: Corviknight","|-damage|p2a: Corviknight|17\/400 brn","|-enditem|p2a: Corviknight|Leftovers|[from] move: Knock Off|[of] p1a: Obstagoon","|move|p2a: Corviknight|Roost|p2a: Corviknight","|-heal|p2a: Corviknight|217\/400 brn","|-singleturn|p2a: Corviknight|move: Roost","|","|-damage|p2a: Corviknight|192\/400 brn|[from] brn","|-status|p1a: Obstagoon|brn|[from] item: Flame Orb","|upkeep","|turn|25","|","|move|p1a: Obstagoon|Knock Off|p2a: Corviknight","|-damage|p2a: Corviknight|71\/400 brn","|move|p2a: Corviknight|Roost|p2a: Corviknight","|-heal|p2a: Corviknight|271\/400 brn","|-singleturn|p2a: Corviknight|move: Roost","|","|-damage|p1a: Obstagoon|307\/327 brn|[from] brn","|-damage|p2a: Corviknight|246\/400 brn|[from] brn","|upkeep","|turn|26","|","|move|p1a: Obstagoon|Facade|p2a: Corviknight","|-resisted|p2a: Corviknight","|-damage|p2a: Corviknight|101\/400 brn","|move|p2a: Corviknight|Roost|p2a: Corviknight","|-heal|p2a: Corviknight|301\/400 brn","|-singleturn|p2a: Corviknight|move: Roost","|","|-damage|p1a: Obstagoon|287\/327 brn|[from] brn","|-damage|p2a: Corviknight|276\/400 brn|[from] brn","|upkeep","|turn|27","|","|move|p1a: Obstagoon|Knock Off|p2a: Corviknight","|-damage|p2a: Corviknight|155\/400 brn","|move|p2a: Corviknight|Body Press|p1a: Obstagoon","|-supereffective|p1a: Obstagoon","|-damage|p1a: Obstagoon|155\/327 brn","|","|-damage|p1a: Obstagoon|135\/327 brn|[from] brn","|-damage|p2a: Corviknight|130\/400 brn|[from] brn","|upkeep","|turn|28","|","|move|p1a: Obstagoon|Facade|p2a: Corviknight","|-resisted|p2a: Corviknight","|-damage|p2a: Corviknight|0 fnt","|faint|p2a: Corviknight","|","|-damage|p1a: Obstagoon|115\/327 brn|[from] brn","|upkeep","|","|switch|p2a: Dugtrio|Dugtrio, F|211\/211","|turn|29","|","|move|p2a: Dugtrio|Sucker Punch|p1a: Obstagoon","|-resisted|p1a: Obstagoon","|-damage|p1a: Obstagoon|76\/327 brn","|move|p1a: Obstagoon|Facade|p2a: Dugtrio","|-enditem|p2a: Dugtrio|Focus Sash","|-damage|p2a: Dugtrio|1\/211","|","|-damage|p1a: Obstagoon|56\/327 brn|[from] brn","|upkeep","|turn|30","|","|move|p2a: Dugtrio|Reversal|p1a: Obstagoon","|-supereffective|p1a: Obstagoon","|-damage|p1a: Obstagoon|0 fnt","|faint|p1a: Obstagoon","|","|win|30455","|raw|25025's rating: 1388 &rarr; <strong>1365<\/strong><br \/>(-23 for losing)","|raw|30455's rating: 1326 &rarr; <strong>1350<\/strong><br \/>(+24 for winning)",""],"p1":"25025","p1rating":1388,"p1team":[{"ability":"weakarmor","evs":{"atk":0,"def":0,"hp":0,"spa":252,"spd":4,"spe":252},"gender":"N","happiness":160,"item":"focussash","ivs":{"atk":0,"def":31,"hp":31,"spa":31,"spd":31,"spe":31},"level":100,"moves":["shadowball","storedpower","gigadrain"],"name":"Polteageist","nature":"Modest","species":"Polteageist"},{"ability":"synchronize","evs":{"atk":252,"def":0,"hp":0,"spa":0,"spd":0,"spe":252},"gender":"N","happiness":160,"item":"focussash","ivs":{"atk":31,"def":31,"hp":31,"spa":31,"spd":31,"spe":31},"level":100,"moves":["rocktomb","spikes","stealthrock","taunt"],"name":"Mew","nature":"Jolly","species":"Mew"},{"ability":"stancechange","evs":{"atk":252,"def":0,"hp":88,"spa":0,"spd":0,"spe":168},"happiness":160,"item":"airballoon","ivs":{"atk":31,"def":31,"hp":31,"spa":31,"spd":31,"spe":31},"level":100,"moves":["kingsshield","shadowsneak","ironhead","swordsdance"],"name":"Aegislash","nature":"Adamant","species":"Aegislash"},{"ability":"guts","evs":{"atk":252,"def":0,"hp":0,"spa":0,"spd":4,"spe":252},"happiness":160,"item":"flameorb","ivs":{"atk":31,"def":31,"hp":31,"spa":31,"spd":31,"spe":31},"level":100,"moves":["obstruct","knockoff","closecombat","facade"],"name":"Obstagoon","nature":"Jolly","species":"Obstagoon"},{"ability":"magicguard","evs":{"atk":0,"def":0,"hp":4,"spa":252,"spd":0,"spe":252},"happiness":160,"item":"lifeorb","ivs":{"atk":0,"def":31,"hp":31,"spa":31,"spd":31,"spe":31},"level":100,"moves":["moonblast","flamethrower","thunderbolt","moonlight"],"name":"Clefable","nature":"Timid","species":"Clefable"},{"ability":"waterabsorb","evs":{"atk":0,"def":252,"hp":252,"spa":0,"spd":4,"spe":0},"happiness":160,"item":"leftovers","ivs":{"atk":31,"def":31,"hp":31,"spa":31,"spd":31,"spe":31},"level":100,"moves":["protect","scald","earthquake","toxic"],"name":"Seismitoad","nature":"Relaxed","species":"Seismitoad"}],"p2":"30455","p2rating":1326,"p2team":[{"ability":"arenatrap","evs":{"atk":252,"def":0,"hp":0,"spa":0,"spd":4,"spe":252},"happiness":160,"item":"focussash","ivs":{"atk":31,"def":31,"hp":31,"spa":31,"spd":31,"spe":31},"level":100,"moves":["earthquake","stoneedge","suckerpunch","reversal"],"name":"Dugtrio","nature":"Adamant","species":"Dugtrio"},{"ability":"arenatrap","evs":{"atk":252,"def":0,"hp":0,"spa":0,"spd":4,"spe":252},"happiness":160,"item":"focussash","ivs":{"atk":31,"def":31,"hp":31,"spa":31,"spd":31,"spe":31},"level":100,"moves":["earthquake","screech","suckerpunch","reversal"],"name":"Diglett","nature":"Adamant","species":"Diglett"},{"ability":"sandstream","evs":{"atk":252,"def":0,"hp":252,"spa":0,"spd":4,"spe":0},"happiness":160,"item":"assaultvest","ivs":{"atk":31,"def":31,"hp":31,"spa":31,"spd":31,"spe":31},"level":100,"moves":["avalanche","rockblast","crunch","heavyslam"],"name":"Tyranitar","nature":"Adamant","species":"Tyranitar"},{"ability":"waterabsorb","evs":{"atk":0,"def":252,"hp":252,"spa":4,"spd":0,"spe":0},"happiness":160,"item":"leftovers","ivs":{"atk":0,"def":31,"hp":31,"spa":31,"spd":31,"spe":31},"level":100,"moves":["stealthrock","scald","earthpower","toxic"],"name":"Seismitoad","nature":"Bold","species":"Seismitoad"},{"ability":"levitate","evs":{"atk":0,"def":0,"hp":0,"spa":252,"spd":4,"spe":252},"gender":"N","happiness":160,"item":"choicespecs","ivs":{"atk":0,"def":31,"hp":31,"spa":31,"spd":31,"spe":31},"level":100,"moves":["voltswitch","overheat","trick","willowisp"],"name":"Rotom","nature":"Timid","species":"rotomheat"},{"ability":"pressure","evs":{"atk":0,"def":0,"hp":252,"spa":0,"spd":232,"spe":24},"happiness":160,"item":"leftovers","ivs":{"atk":31,"def":31,"hp":31,"spa":31,"spd":31,"spe":30},"level":100,"moves":["bodypress","taunt","roost","defog"],"name":"Corviknight","nature":"Careful","species":"Corviknight"}],"roomid":100766,"score":[0,1],"seed":[11771,13495,30510,44617],"timestamp":"Mon Dec 30 2019 15:XX","turns":30,"winner":"30455","rated_battle":true,"average_rating":1357}