{"endType":"forfeit","format":"gen8ou","inputLog":[">version aa9f8c6b9cf4eca780a1296832ecd3b0009641e0",">version-origin 5e8529faaa5905c5f8e15eafaaefa806ee8c7d06",">start {\"formatid\":\"gen8ou\",\"seed\":[41188,10283,37512,15122],\"rated\":\"Rated battle\"}",">player p1 {\"\"name\":\"124013\",\"rating\":1523}",">player p2 {\"\"name\":\"29049\",\"rating\":1474}",">p1 team 3, 2, 1, 4, 5, 6",">p2 team 3, 2, 1, 4, 5, 6",">p1 switch 4",">p2 move willowisp",">p1 switch 4",">p2 switch 4",">p1 switch 4",">p2 move stealthrock",">p1 move voltswitch",">p2 move moonblast",">p1 switch 6",">p1 move closecombat",">p2 move flamethrower"],"log":["|j|\u2606124013","|j|\u260629049","|player|p1|124013|hilbert|1523","|player|p2|29049|80|1474","|teamsize|p1|6","|teamsize|p2|6","|gametype|singles","|gen|8","|tier|[Gen 8] OU","|rated|","|rule|Sleep Clause Mod: Limit one foe put to sleep","|rule|Species Clause: Limit one of each Pok\u00e9mon","|rule|OHKO Clause: OHKO moves are banned","|rule|Evasion Moves Clause: Evasion moves are banned","|rule|Endless Battle Clause: Forcing endless battles is banned","|rule|HP Percentage Mod: HP is shown in percentages","|clearpoke","|poke|p1|Hatterene, F|","|poke|p1|Mandibuzz, F|","|poke|p1|Seismitoad, F|","|poke|p1|Rotom-Heat|","|poke|p1|Darmanitan-Galar, M|","|poke|p1|Aegislash, M|","|poke|p2|Aegislash, M|","|poke|p2|Dragapult, F|","|poke|p2|Rotom-Wash|","|poke|p2|Clefable, M|","|poke|p2|Obstagoon, F|","|poke|p2|Ferrothorn, M|","|rule|Dynamax Clause: You cannot dynamax","|teampreview","|j| TheLouca","|","|start","|switch|p1a: Seismitoad|Seismitoad, F|414\/414","|switch|p2a: Rotom|Rotom-Wash|303\/303","|turn|1","|","|switch|p1a: Rotom|Rotom-Heat|304\/304","|move|p2a: Rotom|Will-O-Wisp|p1a: Rotom|[miss]","|-miss|p2a: Rotom|p1a: Rotom","|","|upkeep","|turn|2","|","|switch|p2a: Clefable|Clefable, M|354\/354","|switch|p1a: Seismitoad|Seismitoad, F|414\/414","|","|upkeep","|turn|3","|","|switch|p1a: Rotom|Rotom-Heat|304\/304","|move|p2a: Clefable|Stealth Rock|p1a: Rotom","|-sidestart124013|move: Stealth Rock","|","|upkeep","|turn|4","|","|move|p1a: Rotom|Volt Switch|p2a: Clefable","|-damage|p2a: Clefable|257\/354","|","|switch|p1a: Aegislash|Aegislash, M|279\/279","|-damage|p1a: Aegislash|262\/279|[from] Stealth Rock","|move|p2a: Clefable|Moonblast|p1a: Aegislash","|-resisted|p1a: Aegislash","|-damage|p1a: Aegislash|188\/279","|-unboost|p1a: Aegislash|spa|1","|","|upkeep","|turn|5","|","|-formechange|p1a: Aegislash|Aegislash-Blade||[from] ability: Stance Change","|move|p1a: Aegislash|Close Combat|p2a: Clefable","|-resisted|p2a: Clefable","|-damage|p2a: Clefable|123\/354","|-unboost|p1a: Aegislash|def|1","|-unboost|p1a: Aegislash|spd|1","|move|p2a: Clefable|Flamethrower|p1a: Aegislash","|-supereffective|p1a: Aegislash","|-damage|p1a: Aegislash|0 fnt","|faint|p1a: Aegislash","|","|upkeep","|-message|124013 forfeited.","|","|win|29049","|l|\u2606124013","|l|\u260629049","|raw|124013's rating: 1501 &rarr; <strong>1478<\/strong><br \/>(-23 for losing)","|raw|29049's rating: 1453 &rarr; <strong>1476<\/strong><br \/>(+23 for winning)",""],"p1":"124013","p1rating":1523,"p1team":[{"ability":"magicbounce","evs":{"atk":0,"def":196,"hp":252,"spa":0,"spd":0,"spe":60},"gender":"F","happiness":160,"item":"leftovers","ivs":{"atk":0,"def":31,"hp":31,"spa":31,"spd":31,"spe":31},"level":100,"moves":["psychic","drainingkiss","mysticalfire","calmmind"],"name":"Hatterene","nature":"Bold","species":"Hatterene"},{"ability":"overcoat","evs":{"atk":32,"def":0,"hp":252,"spa":0,"spd":224,"spe":0},"gender":"F","happiness":160,"item":"heavydutyboots","ivs":{"atk":31,"def":31,"hp":31,"spa":31,"spd":31,"spe":30},"level":100,"moves":["uturn","knockoff","defog","roost"],"name":"Mandibuzz","nature":"Careful","species":"Mandibuzz"},{"ability":"waterabsorb","evs":{"atk":0,"def":252,"hp":252,"spa":0,"spd":4,"spe":0},"happiness":160,"item":"leftovers","ivs":{"atk":0,"def":31,"hp":31,"spa":31,"spd":31,"spe":31},"level":100,"moves":["scald","earthpower","toxic","stealthrock"],"name":"Seismitoad","nature":"Bold","species":"Seismitoad"},{"ability":"levitate","evs":{"atk":0,"def":128,"hp":252,"spa":0,"spd":0,"spe":128},"gender":"N","happiness":160,"item":"leftovers","ivs":{"atk":0,"def":31,"hp":31,"spa":31,"spd":31,"spe":31},"level":100,"moves":["voltswitch","overheat","nastyplot","willowisp"],"name":"Rotom","nature":"Timid","species":"rotomheat"},{"ability":"gorillatactics","evs":{"atk":252,"def":0,"hp":0,"spa":0,"spd":4,"spe":252},"happiness":160,"item":"choicescarf","ivs":{"atk":31,"def":31,"hp":31,"spa":31,"spd":31,"spe":31},"level":100,"moves":["uturn","iciclecrash","flareblitz","earthquake"],"name":"Darmanitan","nature":"Jolly","species":"darmanitangalar"},{"ability":"stancechange","evs":{"atk":252,"def":0,"hp":72,"spa":0,"spd":0,"spe":184},"happiness":160,"item":"choiceband","ivs":{"atk":31,"def":31,"hp":31,"spa":31,"spd":31,"spe":31},"level":100,"moves":["shadowsneak","ironhead","closecombat","headsmash"],"name":"Aegislash","nature":"Jolly","species":"Aegislash"}],"p2":"29049","p2rating":1474,"p2team":[{"ability":"stancechange","evs":{"atk":0,"def":0,"hp":76,"spa":252,"spd":0,"spe":180},"happiness":160,"item":"choicespecs","ivs":{"atk":31,"def":31,"hp":31,"spa":31,"spd":31,"spe":31},"level":100,"moves":["shadowball","flashcannon","steelbeam","closecombat"],"name":"Aegislash","nature":"Modest","species":"Aegislash"},{"ability":"infiltrator","evs":{"atk":252,"def":0,"hp":0,"spa":0,"spd":4,"spe":252},"happiness":160,"item":"leftovers","ivs":{"atk":31,"def":31,"hp":31,"spa":31,"spd":31,"spe":31},"level":100,"moves":["substitute","dragondance","dragondarts","phantomforce"],"name":"Dragapult","nature":"Adamant","species":"Dragapult"},{"ability":"levitate","evs":{"atk":0,"def":0,"hp":248,"spa":44,"spd":0,"spe":216},"gender":"N","happiness":160,"item":"choicescarf","ivs":{"atk":0,"def":31,"hp":31,"spa":31,"spd":31,"spe":31},"level":100,"moves":["hydropump","voltswitch","trick","willowisp"],"name":"Rotom","nature":"Timid","species":"rotomwash"},{"ability":"magicguard","evs":{"atk":0,"def":0,"hp":92,"spa":252,"spd":0,"spe":164},"happiness":160,"item":"lifeorb","ivs":{"atk":0,"def":31,"hp":31,"spa":31,"spd":31,"spe":31},"level":100,"moves":["moonlight","stealthrock","moonblast","flamethrower"],"name":"Clefable","nature":"Modest","species":"Clefable"},{"ability":"guts","evs":{"atk":252,"def":0,"hp":0,"spa":0,"spd":4,"spe":252},"happiness":160,"item":"flameorb","ivs":{"atk":31,"def":31,"hp":31,"spa":31,"spd":31,"spe":31},"level":100,"moves":["closecombat","knockoff","facade","taunt"],"name":"Obstagoon","nature":"Jolly","species":"Obstagoon"},{"ability":"ironbarbs","evs":{"atk":0,"def":252,"hp":248,"spa":0,"spd":8,"spe":0},"happiness":160,"item":"leftovers","ivs":{"atk":31,"def":31,"hp":31,"spa":31,"spd":31,"spe":0},"level":100,"moves":["spikes","leechseed","gyroball","toxic"],"name":"Ferrothorn","nature":"Relaxed","species":"Ferrothorn"}],"roomid":1022349,"score":[5,6],"seed":[41188,10283,37512,15122],"timestamp":"Sat Dec 28 2019 02:XX","turns":5,"winner":"29049","rated_battle":true,"average_rating":1498}