{"endType":"normal","format":"gen8ou","inputLog":[">version aa9f8c6b9cf4eca780a1296832ecd3b0009641e0",">version-origin 5e8529faaa5905c5f8e15eafaaefa806ee8c7d06",">start {\"formatid\":\"gen8ou\",\"seed\":[20433,56909,38557,11884],\"rated\":\"Rated battle\"}",">player p1 {\"\"name\":\"10296\",\"rating\":1358}",">player p2 {\"\"name\":\"145148\",\"rating\":1351}",">p1 team 4, 2, 3, 1, 5, 6",">p2 team 6, 2, 3, 4, 5, 1",">p1 move boltbeak",">p2 move earthquake",">p1 switch 6",">p1 move swordsdance",">p2 move earthquake",">p1 move playrough",">p2 move earthquake",">p1 switch 3",">p1 move uturn",">p2 switch 5",">p1 switch 2",">p1 move bulkup",">p2 move uturn",">p2 switch 3",">p1 move substitute",">p2 move willowisp",">p1 move bulkup",">p2 move nightshade",">p1 move substitute",">p2 move willowisp",">p1 move bulkup",">p2 move nightshade",">p1 move substitute",">p2 move nightshade",">p1 move substitute",">p2 move willowisp",">p1 move powertrip",">p2 move nightshade",">p2 switch 5",">p1 move roost",">p2 move flareblitz",">p1 move powertrip",">p2 move flareblitz",">p1 switch 5",">p1 move scald",">p2 switch 4",">p1 move earthquake",">p2 move calmmind",">p1 move earthquake",">p2 move drainingkiss",">p1 move earthquake",">p2 move drainingkiss",">p1 move earthquake",">p2 move drainingkiss",">p1 move earthquake",">p2 move drainingkiss",">p1 switch 4",">p1 move playrough",">p2 move drainingkiss",">p1 move playrough",">p2 move drainingkiss",">p1 switch 2",">p1 move woodhammer",">p2 move drainingkiss",">p2 switch 4",">p1 move woodhammer",">p2 move flareblitz"],"log":["|j|\u260610296","|j|\u2606145148","|player|p1|10296|chili|1358","|player|p2|145148|nurse|1351","|teamsize|p1|6","|teamsize|p2|6","|gametype|singles","|gen|8","|tier|[Gen 8] OU","|rated|","|rule|Sleep Clause Mod: Limit one foe put to sleep","|rule|Species Clause: Limit one of each Pok\u00e9mon","|rule|OHKO Clause: OHKO moves are banned","|rule|Evasion Moves Clause: Evasion moves are banned","|rule|Endless Battle Clause: Forcing endless battles is banned","|rule|HP Percentage Mod: HP is shown in percentages","|clearpoke","|poke|p1|Rapidash-Galar, F|","|poke|p1|Corviknight, M|","|poke|p1|Rillaboom, F|","|poke|p1|Dracozolt|","|poke|p1|Seismitoad, F|","|poke|p1|Mimikyu, M|","|poke|p2|Hydreigon, M|","|poke|p2|Hippowdon, M|","|poke|p2|Jellicent, F|","|poke|p2|Hatterene, F|","|poke|p2|Corviknight, M|","|poke|p2|Darmanitan-Galar, M|","|rule|Dynamax Clause: You cannot dynamax","|teampreview","|","|start","|switch|p1a: Kawai Rex|Dracozolt|341\/341","|switch|p2a: Darmanitan|Darmanitan-Galar, M|351\/351","|turn|1","|","|move|p2a: Darmanitan|Earthquake|p1a: Kawai Rex","|-supereffective|p1a: Kawai Rex","|-damage|p1a: Kawai Rex|0 fnt","|faint|p1a: Kawai Rex","|","|upkeep","|","|switch|p1a: Oppai hunter|Mimikyu, M|263\/263","|turn|2","|","|move|p2a: Darmanitan|Earthquake|p1a: Oppai hunter","|-activate|p1a: Oppai hunter|ability: Disguise","|-damage|p1a: Oppai hunter|263\/263","|detailschange|p1a: Oppai hunter|Mimikyu-Busted, M","|-damage|p1a: Oppai hunter|231\/263|[from] ability: Disguise|[of] p1a: Oppai hunter","|move|p1a: Oppai hunter|Swords Dance|p1a: Oppai hunter","|-boost|p1a: Oppai hunter|atk|2","|","|upkeep","|turn|3","|","|move|p2a: Darmanitan|Earthquake|p1a: Oppai hunter","|-damage|p1a: Oppai hunter|0 fnt","|faint|p1a: Oppai hunter","|","|upkeep","|","|switch|p1a: Ramadan boomer|Rillaboom, F|404\/404","|turn|4","|","|switch|p2a: Corviknight|Corviknight, M|400\/400","|-ability|p2a: Corviknight|Pressure","|move|p1a: Ramadan boomer|U-turn|p2a: Corviknight","|-resisted|p2a: Corviknight","|-damage|p2a: Corviknight|368\/400","|","|switch|p1a: Big brother|Corviknight, M|400\/400","|-ability|p1a: Big brother|Pressure","|","|-heal|p2a: Corviknight|393\/400|[from] item: Leftovers","|upkeep","|turn|5","|","|move|p2a: Corviknight|U-turn|p1a: Big brother","|-resisted|p1a: Big brother","|-damage|p1a: Big brother|389\/400","|","|switch|p2a: Jellicent|Jellicent, F|404\/404","|move|p1a: Big brother|Bulk Up|p1a: Big brother","|-boost|p1a: Big brother|atk|1","|-boost|p1a: Big brother|def|1","|","|-heal|p1a: Big brother|400\/400|[from] item: Leftovers","|upkeep","|turn|6","|","|move|p1a: Big brother|Substitute|p1a: Big brother","|-start|p1a: Big brother|Substitute","|-damage|p1a: Big brother|300\/400","|move|p2a: Jellicent|Will-O-Wisp||[still]","|-fail|p2a: Jellicent","|","|-heal|p1a: Big brother|325\/400|[from] item: Leftovers","|upkeep","|turn|7","|","|move|p1a: Big brother|Bulk Up|p1a: Big brother","|-boost|p1a: Big brother|atk|1","|-boost|p1a: Big brother|def|1","|move|p2a: Jellicent|Night Shade|p1a: Big brother","|-end|p1a: Big brother|Substitute","|","|-heal|p1a: Big brother|350\/400|[from] item: Leftovers","|upkeep","|turn|8","|","|move|p1a: Big brother|Substitute|p1a: Big brother","|-start|p1a: Big brother|Substitute","|-damage|p1a: Big brother|250\/400","|move|p2a: Jellicent|Will-O-Wisp|p1a: Big brother|[miss]","|-miss|p2a: Jellicent|p1a: Big brother","|","|-heal|p1a: Big brother|275\/400|[from] item: Leftovers","|upkeep","|turn|9","|","|move|p1a: Big brother|Bulk Up|p1a: Big brother","|-boost|p1a: Big brother|atk|1","|-boost|p1a: Big brother|def|1","|move|p2a: Jellicent|Night Shade|p1a: Big brother","|-end|p1a: Big brother|Substitute","|","|-heal|p1a: Big brother|300\/400|[from] item: Leftovers","|upkeep","|turn|10","|","|move|p1a: Big brother|Substitute|p1a: Big brother","|-start|p1a: Big brother|Substitute","|-damage|p1a: Big brother|200\/400","|move|p2a: Jellicent|Night Shade|p1a: Big brother","|-end|p1a: Big brother|Substitute","|","|-heal|p1a: Big brother|225\/400|[from] item: Leftovers","|upkeep","|turn|11","|","|move|p1a: Big brother|Substitute|p1a: Big brother","|-start|p1a: Big brother|Substitute","|-damage|p1a: Big brother|125\/400","|move|p2a: Jellicent|Will-O-Wisp||[still]","|-fail|p2a: Jellicent","|","|-heal|p1a: Big brother|150\/400|[from] item: Leftovers","|upkeep","|turn|12","|","|move|p1a: Big brother|Power Trip|p2a: Jellicent","|-supereffective|p2a: Jellicent","|-damage|p2a: Jellicent|0 fnt","|faint|p2a: Jellicent","|","|-heal|p1a: Big brother|175\/400|[from] item: Leftovers","|upkeep","|","|switch|p2a: Darmanitan|Darmanitan-Galar, M|351\/351","|turn|13","|","|move|p2a: Darmanitan|Flare Blitz|p1a: Big brother","|-supereffective|p1a: Big brother","|-end|p1a: Big brother|Substitute","|-damage|p2a: Darmanitan|318\/351|[from] Recoil|[of] p1a: Big brother","|move|p1a: Big brother|Roost|p1a: Big brother","|-heal|p1a: Big brother|375\/400","|-singleturn|p1a: Big brother|move: Roost","|","|-heal|p1a: Big brother|400\/400|[from] item: Leftovers","|upkeep","|turn|14","|","|move|p2a: Darmanitan|Flare Blitz|p1a: Big brother","|-supereffective|p1a: Big brother","|-crit|p1a: Big brother","|-damage|p1a: Big brother|0 fnt","|-damage|p2a: Darmanitan|186\/351|[from] Recoil","|faint|p1a: Big brother","|","|upkeep","|","|switch|p1a: Nokia 3310|Seismitoad, F|414\/414","|turn|15","|","|switch|p2a: Hatterene|Hatterene, F|318\/318","|move|p1a: Nokia 3310|Scald|p2a: Hatterene","|-damage|p2a: Hatterene|239\/318","|-status|p2a: Hatterene|brn","|","|-heal|p2a: Hatterene|258\/318 brn|[from] item: Leftovers","|-damage|p2a: Hatterene|239\/318 brn|[from] brn","|upkeep","|turn|16","|","|move|p1a: Nokia 3310|Earthquake|p2a: Hatterene","|-damage|p2a: Hatterene|158\/318 brn","|move|p2a: Hatterene|Calm Mind|p2a: Hatterene","|-boost|p2a: Hatterene|spa|1","|-boost|p2a: Hatterene|spd|1","|","|-heal|p2a: Hatterene|177\/318 brn|[from] item: Leftovers","|-damage|p2a: Hatterene|158\/318 brn|[from] brn","|upkeep","|turn|17","|","|move|p1a: Nokia 3310|Earthquake|p2a: Hatterene","|-damage|p2a: Hatterene|76\/318 brn","|move|p2a: Hatterene|Draining Kiss|p1a: Nokia 3310","|-damage|p1a: Nokia 3310|267\/414","|-heal|p2a: Hatterene|186\/318 brn|[from] drain|[of] p1a: Nokia 3310","|","|-heal|p1a: Nokia 3310|292\/414|[from] item: Leftovers","|-heal|p2a: Hatterene|205\/318 brn|[from] item: Leftovers","|-damage|p2a: Hatterene|186\/318 brn|[from] brn","|upkeep","|turn|18","|","|move|p1a: Nokia 3310|Earthquake|p2a: Hatterene","|-damage|p2a: Hatterene|93\/318 brn","|move|p2a: Hatterene|Draining Kiss|p1a: Nokia 3310","|-damage|p1a: Nokia 3310|141\/414","|-heal|p2a: Hatterene|206\/318 brn|[from] drain|[of] p1a: Nokia 3310","|","|-heal|p1a: Nokia 3310|166\/414|[from] item: Leftovers","|-heal|p2a: Hatterene|225\/318 brn|[from] item: Leftovers","|-damage|p2a: Hatterene|206\/318 brn|[from] brn","|upkeep","|turn|19","|","|move|p1a: Nokia 3310|Earthquake|p2a: Hatterene","|-damage|p2a: Hatterene|115\/318 brn","|move|p2a: Hatterene|Draining Kiss|p1a: Nokia 3310","|-damage|p1a: Nokia 3310|19\/414","|-heal|p2a: Hatterene|225\/318 brn|[from] drain|[of] p1a: Nokia 3310","|","|-heal|p1a: Nokia 3310|44\/414|[from] item: Leftovers","|-heal|p2a: Hatterene|244\/318 brn|[from] item: Leftovers","|-damage|p2a: Hatterene|225\/318 brn|[from] brn","|upkeep","|turn|20","|","|move|p1a: Nokia 3310|Earthquake|p2a: Hatterene","|-damage|p2a: Hatterene|140\/318 brn","|move|p2a: Hatterene|Draining Kiss|p1a: Nokia 3310","|-damage|p1a: Nokia 3310|0 fnt","|-heal|p2a: Hatterene|173\/318 brn|[from] drain|[of] p1a: Nokia 3310","|faint|p1a: Nokia 3310","|","|-heal|p2a: Hatterene|192\/318 brn|[from] item: Leftovers","|-damage|p2a: Hatterene|173\/318 brn|[from] brn","|upkeep","|","|switch|p1a: Pagani|Rapidash-Galar, F|274\/274","|turn|21","|j|+playerW17","|","|move|p1a: Pagani|Play Rough|p2a: Hatterene","|-damage|p2a: Hatterene|64\/318 brn","|move|p2a: Hatterene|Draining Kiss|p1a: Pagani","|-damage|p1a: Pagani|123\/274","|-heal|p2a: Hatterene|177\/318 brn|[from] drain|[of] p1a: Pagani","|","|-heal|p2a: Hatterene|196\/318 brn|[from] item: Leftovers","|-damage|p2a: Hatterene|177\/318 brn|[from] brn","|upkeep","|turn|22","|","|move|p1a: Pagani|Play Rough|p2a: Hatterene","|-damage|p2a: Hatterene|68\/318 brn","|move|p2a: Hatterene|Draining Kiss|p1a: Pagani","|-damage|p1a: Pagani|0 fnt","|-heal|p2a: Hatterene|160\/318 brn|[from] drain|[of] p1a: Pagani","|faint|p1a: Pagani","|","|-heal|p2a: Hatterene|179\/318 brn|[from] item: Leftovers","|-damage|p2a: Hatterene|160\/318 brn|[from] brn","|upkeep","|","|switch|p1a: Ramadan boomer|Rillaboom, F|404\/404","|turn|23","|","|move|p1a: Ramadan boomer|Wood Hammer|p2a: Hatterene","|-damage|p2a: Hatterene|0 fnt","|-damage|p1a: Ramadan boomer|351\/404|[from] Recoil","|faint|p2a: Hatterene","|","|upkeep","|","|switch|p2a: Darmanitan|Darmanitan-Galar, M|186\/351","|turn|24","|","|move|p2a: Darmanitan|Flare Blitz|p1a: Ramadan boomer","|-supereffective|p1a: Ramadan boomer","|-damage|p1a: Ramadan boomer|0 fnt","|-damage|p2a: Darmanitan|70\/351|[from] Recoil","|faint|p1a: Ramadan boomer","|","|win|145148","|raw|10296's rating: 1359 &rarr; <strong>1338<\/strong><br \/>(-21 for losing)","|raw|145148's rating: 1351 &rarr; <strong>1371<\/strong><br \/>(+20 for winning)",""],"p1":"10296","p1rating":1358,"p1team":[{"ability":"anticipation","evs":{"atk":252,"def":0,"hp":12,"spa":0,"spd":0,"spe":244},"happiness":160,"item":"kasibberry","ivs":{"atk":31,"def":31,"hp":31,"spa":31,"spd":31,"spe":31},"level":100,"moves":["swordsdance","zenheadbutt","playrough","throatchop"],"name":"Pagani","nature":"Adamant","species":"rapidashgalar"},{"ability":"pressure","evs":{"atk":0,"def":0,"hp":252,"spa":0,"spd":244,"spe":12},"gender":"M","happiness":160,"item":"leftovers","ivs":{"atk":31,"def":31,"hp":31,"spa":31,"spd":31,"spe":31},"level":100,"moves":["substitute","roost","bulkup","powertrip"],"name":"Big brother","nature":"Careful","species":"corviknight"},{"ability":"overgrow","evs":{"atk":252,"def":0,"hp":252,"spa":0,"spd":4,"spe":0},"happiness":160,"item":"choiceband","ivs":{"atk":31,"def":31,"hp":31,"spa":31,"spd":31,"spe":31},"level":100,"moves":["uturn","earthquake","knockoff","woodhammer"],"name":"Ramadan boomer","nature":"Adamant","species":"rillaboom"},{"ability":"hustle","evs":{"atk":252,"def":0,"hp":80,"spa":0,"spd":4,"spe":172},"gender":"N","happiness":160,"item":"choicescarf","ivs":{"atk":31,"def":31,"hp":31,"spa":31,"spd":31,"spe":31},"level":100,"moves":["boltbeak","aerialace","outrage","earthquake"],"name":"Kawai Rex","nature":"Jolly","species":"dracozolt"},{"ability":"waterabsorb","evs":{"atk":0,"def":240,"hp":252,"spa":0,"spd":0,"spe":16},"happiness":160,"item":"leftovers","ivs":{"atk":31,"def":31,"hp":31,"spa":31,"spd":31,"spe":31},"level":100,"moves":["stealthrock","toxic","earthquake","scald"],"name":"Nokia 3310","nature":"Impish","species":"seismitoad"},{"ability":"disguise","evs":{"atk":252,"def":0,"hp":48,"spa":0,"spd":0,"spe":208},"gender":"M","happiness":160,"item":"kasibberry","ivs":{"atk":31,"def":31,"hp":31,"spa":31,"spd":31,"spe":31},"level":100,"moves":["substitute","swordsdance","shadowclaw","playrough"],"name":"Oppai hunter","nature":"Jolly","species":"mimikyu"}],"p2":"145148","p2rating":1351,"p2team":[{"ability":"levitate","evs":{"atk":0,"def":0,"hp":0,"spa":252,"spd":4,"spe":252},"happiness":160,"item":"lifeorb","ivs":{"atk":0,"def":31,"hp":31,"spa":31,"spd":31,"spe":31},"level":100,"moves":["nastyplot","dracometeor","flashcannon","flamethrower"],"name":"Hydreigon","nature":"Timid","species":"Hydreigon"},{"ability":"sandstream","evs":{"atk":4,"def":0,"hp":252,"spa":0,"spd":252,"spe":0},"happiness":160,"item":"leftovers","ivs":{"atk":31,"def":31,"hp":31,"spa":31,"spd":31,"spe":31},"level":100,"moves":["earthquake","slackoff","stoneedge","stealthrock"],"name":"Hippowdon","nature":"Careful","species":"Hippowdon"},{"ability":"waterabsorb","evs":{"atk":0,"def":252,"hp":252,"spa":0,"spd":4,"spe":0},"gender":"F","happiness":160,"item":"leftovers","ivs":{"atk":0,"def":31,"hp":31,"spa":31,"spd":31,"spe":31},"level":100,"moves":["willowisp","taunt","nightshade","strengthsap"],"name":"Jellicent","nature":"Bold","species":"Jellicent"},{"ability":"magicbounce","evs":{"atk":0,"def":200,"hp":252,"spa":0,"spd":0,"spe":56},"gender":"F","happiness":160,"item":"leftovers","ivs":{"atk":0,"def":31,"hp":31,"spa":31,"spd":31,"spe":31},"level":100,"moves":["psyshock","drainingkiss","mysticalfire","calmmind"],"name":"Hatterene","nature":"Bold","species":"Hatterene"},{"ability":"pressure","evs":{"atk":0,"def":0,"hp":252,"spa":0,"spd":236,"spe":20},"happiness":160,"item":"leftovers","ivs":{"atk":31,"def":31,"hp":31,"spa":31,"spd":31,"spe":31},"level":100,"moves":["ironhead","taunt","uturn","roost"],"name":"Corviknight","nature":"Careful","species":"Corviknight"},{"ability":"gorillatactics","evs":{"atk":252,"def":0,"hp":0,"spa":0,"spd":4,"spe":252},"happiness":160,"item":"choicescarf","ivs":{"atk":31,"def":31,"hp":31,"spa":31,"spd":31,"spe":31},"level":100,"moves":["iciclecrash","uturn","flareblitz","earthquake"],"name":"Darmanitan","nature":"Jolly","species":"darmanitangalar"}],"roomid":1017344,"score":[0,4],"seed":[20433,56909,38557,11884],"timestamp":"Sat Dec 28 2019 13:XX","turns":24,"winner":"145148","rated_battle":true,"average_rating":1354}