{"endType":"forfeit","format":"gen8ou","inputLog":[">version aa9f8c6b9cf4eca780a1296832ecd3b0009641e0",">version-origin 5e8529faaa5905c5f8e15eafaaefa806ee8c7d06",">start {\"formatid\":\"gen8ou\",\"seed\":[47417,32600,8945,47241],\"rated\":\"Rated battle\"}",">player p1 {\"\"name\":\"3051\",\"rating\":1278}",">player p2 {\"\"name\":\"25476\",\"rating\":1264}",">p1 team 4, 2, 3, 1, 5, 6",">p2 team 6, 2, 3, 4, 5, 1",">p1 move earthpower",">p2 switch 3",">p1 move toxic",">p2 move lightscreen",">p1 move stealthrock",">p2 move toxic",">p1 switch 5",">p2 switch 2",">p1 switch 5",">p2 move pyroball",">p1 move toxic",">p2 move highjumpkick",">p1 move earthpower",">p2 move courtchange",">p1 move stealthrock",">p2 move pyroball",">p1 switch 6",">p2 switch 3",">p1 move irondefense",">p2 switch 6",">p1 move bodypress",">p2 move thunderwave",">p1 move irondefense",">p2 switch 4",">p1 move defog",">p2 move flamethrower",">p1 switch 3",">p2 move flamethrower",">p1 move trick",">p2 move flamethrower",">p1 switch 3",">p2 move flamethrower",">p1 switch 5",">p1 move shiftgear",">p2 move flamethrower",">p1 move gunkshot",">p2 switch 2",">p1 switch 2",">p2 switch 6",">p1 move iciclecrash",">p2 move aurasphere"],"log":["|j|\u26063051","|j|\u260625476","|player|p1|3051|marshal|1278","|player|p2|25476|pryce|1264","|teamsize|p1|6","|teamsize|p2|6","|gametype|singles","|gen|8","|tier|[Gen 8] OU","|rated|","|rule|Sleep Clause Mod: Limit one foe put to sleep","|rule|Species Clause: Limit one of each Pok\u00e9mon","|rule|OHKO Clause: OHKO moves are banned","|rule|Evasion Moves Clause: Evasion moves are banned","|rule|Endless Battle Clause: Forcing endless battles is banned","|rule|HP Percentage Mod: HP is shown in percentages","|clearpoke","|poke|p1|Dugtrio, F|","|poke|p1|Darmanitan-Galar, F|","|poke|p1|Rotom-Heat|","|poke|p1|Seismitoad, M|","|poke|p1|Toxtricity, F|","|poke|p1|Corviknight, F|","|poke|p2|Dubwool, M|","|poke|p2|Cinderace, M|","|poke|p2|Pyukumuku, F|","|poke|p2|Dragapult, M|","|poke|p2|Bisharp, F|","|poke|p2|Lucario, M|","|rule|Dynamax Clause: You cannot dynamax","|teampreview","|","|start","|switch|p1a: Seismitoad|Seismitoad, M|414\/414","|switch|p2a: Lucario|Lucario, M|281\/281","|turn|1","|","|switch|p2a: Pyukumuku|Pyukumuku, F|314\/314","|move|p1a: Seismitoad|Earth Power|p2a: Pyukumuku","|-damage|p2a: Pyukumuku|259\/314","|-unboost|p2a: Pyukumuku|spd|1","|","|upkeep","|turn|2","|","|move|p1a: Seismitoad|Toxic|p2a: Pyukumuku","|-status|p2a: Pyukumuku|tox","|move|p2a: Pyukumuku|Light Screen|p2a: Pyukumuku","|-sidestart25476|move: Light Screen","|","|-damage|p2a: Pyukumuku|240\/314 tox|[from] psn","|upkeep","|turn|3","|","|move|p1a: Seismitoad|Stealth Rock|p2a: Pyukumuku","|-sidestart25476|move: Stealth Rock","|move|p2a: Pyukumuku|Toxic|p1a: Seismitoad","|-status|p1a: Seismitoad|tox","|","|-damage|p1a: Seismitoad|389\/414 tox|[from] psn","|-damage|p2a: Pyukumuku|202\/314 tox|[from] psn","|upkeep","|turn|4","|","|switch|p1a: Toxtricity|Toxtricity, F|291\/291","|switch|p2a: Cinderace|Cinderace, M|302\/302","|","|upkeep","|turn|5","|","|switch|p1a: Seismitoad|Seismitoad, M|389\/414 tox","|move|p2a: Cinderace|Pyro Ball|p1a: Seismitoad","|-resisted|p1a: Seismitoad","|-damage|p1a: Seismitoad|302\/414 tox","|","|-heal|p1a: Seismitoad|327\/414 tox|[from] item: Leftovers","|-damage|p1a: Seismitoad|302\/414 tox|[from] psn","|upkeep","|turn|6","|","|move|p2a: Cinderace|High Jump Kick|p1a: Seismitoad","|-damage|p1a: Seismitoad|178\/414 tox","|move|p1a: Seismitoad|Toxic|p2a: Cinderace","|-status|p2a: Cinderace|tox","|","|-heal|p1a: Seismitoad|203\/414 tox|[from] item: Leftovers","|-damage|p2a: Cinderace|284\/302 tox|[from] psn","|-damage|p1a: Seismitoad|153\/414 tox|[from] psn","|-sideend25476|move: Light Screen","|upkeep","|turn|7","|","|move|p2a: Cinderace|Court Change|p2a: Cinderace","|-sideend25476|Stealth Rock|[silent]","|-sidestart3051|Stealth Rock|[silent]","|-activate|p2a: Cinderace|move: Court Change","|move|p1a: Seismitoad|Earth Power|p2a: Cinderace","|-supereffective|p2a: Cinderace","|-damage|p2a: Cinderace|38\/302 tox","|","|-heal|p1a: Seismitoad|178\/414 tox|[from] item: Leftovers","|-damage|p2a: Cinderace|2\/302 tox|[from] psn","|-damage|p1a: Seismitoad|103\/414 tox|[from] psn","|upkeep","|turn|8","|","|move|p2a: Cinderace|Pyro Ball|p1a: Seismitoad","|-resisted|p1a: Seismitoad","|-damage|p1a: Seismitoad|0 fnt","|faint|p1a: Seismitoad","|","|-damage|p2a: Cinderace|0 fnt|[from] psn","|faint|p2a: Cinderace","|upkeep","|","|switch|p2a: Lucario|Lucario, M|281\/281","|switch|p1a: Corviknight|Corviknight, F|400\/400","|-damage|p1a: Corviknight|350\/400|[from] Stealth Rock","|turn|9","|","|switch|p2a: Dubwool|Dubwool, M, shiny|348\/348","|move|p1a: Corviknight|Iron Defense|p1a: Corviknight","|-boost|p1a: Corviknight|def|2","|","|-heal|p1a: Corviknight|375\/400|[from] item: Leftovers","|upkeep","|turn|10","|","|move|p2a: Dubwool|Thunder Wave|p1a: Corviknight","|-status|p1a: Corviknight|par","|move|p1a: Corviknight|Body Press|p2a: Dubwool","|-supereffective|p2a: Dubwool","|-damage|p2a: Dubwool|256\/348","|","|-heal|p2a: Dubwool|277\/348|[from] item: Leftovers","|-heal|p1a: Corviknight|400\/400 par|[from] item: Leftovers","|upkeep","|turn|11","|","|switch|p2a: Dragapult|Dragapult, M|317\/317","|move|p1a: Corviknight|Iron Defense|p1a: Corviknight","|-boost|p1a: Corviknight|def|2","|","|upkeep","|turn|12","|","|move|p2a: Dragapult|Flamethrower|p1a: Corviknight","|-supereffective|p1a: Corviknight","|-damage|p1a: Corviknight|200\/400 par","|move|p1a: Corviknight|Defog|p2a: Dragapult","|-unboost|p2a: Dragapult|evasion|1","|-sideend3051|Stealth Rock|[from] move: Defog|[of] p1a: Corviknight","|","|-heal|p1a: Corviknight|225\/400 par|[from] item: Leftovers","|upkeep","|turn|13","|","|switch|p1a: Rotom|Rotom-Heat|304\/304","|move|p2a: Dragapult|Flamethrower|p1a: Rotom","|-resisted|p1a: Rotom","|-damage|p1a: Rotom|245\/304","|","|upkeep","|turn|14","|","|move|p2a: Dragapult|Flamethrower|p1a: Rotom","|-resisted|p1a: Rotom","|-damage|p1a: Rotom|182\/304","|move|p1a: Rotom|Trick|p2a: Dragapult","|-activate|p1a: Rotom|move: Trick|[of] p2a: Dragapult","|-item|p2a: Dragapult|Choice Specs|[from] move: Trick","|-item|p1a: Rotom|Choice Specs|[from] move: Trick","|","|upkeep","|turn|15","|","|switch|p1a: Corviknight|Corviknight, F|225\/400 par","|move|p2a: Dragapult|Flamethrower|p1a: Corviknight","|-supereffective|p1a: Corviknight","|-crit|p1a: Corviknight","|-damage|p1a: Corviknight|0 fnt","|faint|p1a: Corviknight","|","|upkeep","|","|switch|p1a: Toxtricity|Toxtricity, F|291\/291","|turn|16","|","|move|p2a: Dragapult|Flamethrower|p1a: Toxtricity","|-damage|p1a: Toxtricity|120\/291","|move|p1a: Toxtricity|Shift Gear|p1a: Toxtricity","|-boost|p1a: Toxtricity|spe|2","|-boost|p1a: Toxtricity|atk|1","|","|upkeep","|turn|17","|","|switch|p2a: Pyukumuku|Pyukumuku, F|202\/314 tox","|move|p1a: Toxtricity|Gunk Shot|p2a: Pyukumuku","|-damage|p2a: Pyukumuku|0 fnt","|-damage|p1a: Toxtricity|0 fnt|[from] ability: Innards Out|[of] p2a: Pyukumuku","|faint|p2a: Pyukumuku","|faint|p1a: Toxtricity","|","|upkeep","|","|switch|p1a: Darmanitan|Darmanitan-Galar, F|351\/351","|switch|p2a: Lucario|Lucario, M|281\/281","|turn|18","|","|move|p1a: Darmanitan|Icicle Crash|p2a: Lucario","|-resisted|p2a: Lucario","|-damage|p2a: Lucario|61\/281","|move|p2a: Lucario|Aura Sphere|p1a: Darmanitan","|-supereffective|p1a: Darmanitan","|-damage|p1a: Darmanitan|0 fnt","|faint|p1a: Darmanitan","|","|upkeep","|-message|3051 forfeited.","|","|win|25476","|l|\u26063051","|raw|3051's rating: 1278 &rarr; <strong>1252<\/strong><br \/>(-26 for losing)","|raw|25476's rating: 1264 &rarr; <strong>1290<\/strong><br \/>(+26 for winning)",""],"p1":"3051","p1rating":1278,"p1team":[{"ability":"arenatrap","evs":{"atk":252,"def":0,"hp":0,"spa":0,"spd":4,"spe":252},"happiness":160,"item":"focussash","ivs":{"atk":31,"def":31,"hp":31,"spa":31,"spd":31,"spe":31},"level":100,"moves":["earthquake","stoneedge","reversal","gigaimpact"],"name":"Dugtrio","nature":"Jolly","species":"Dugtrio"},{"ability":"gorillatactics","evs":{"atk":252,"def":0,"hp":0,"spa":0,"spd":4,"spe":252},"happiness":160,"item":"choiceband","ivs":{"atk":31,"def":31,"hp":31,"spa":31,"spd":31,"spe":31},"level":100,"moves":["iciclecrash","uturn","flareblitz","earthquake"],"name":"Darmanitan","nature":"Jolly","species":"darmanitangalar"},{"ability":"levitate","evs":{"atk":0,"def":0,"hp":252,"spa":252,"spd":4,"spe":0},"gender":"N","happiness":160,"item":"choicespecs","ivs":{"atk":0,"def":31,"hp":31,"spa":31,"spd":31,"spe":31},"level":100,"moves":["overheat","voltswitch","trick","thunder"],"name":"Rotom","nature":"Modest","species":"rotomheat"},{"ability":"waterabsorb","evs":{"atk":0,"def":252,"hp":252,"spa":4,"spd":0,"spe":0},"happiness":160,"item":"leftovers","ivs":{"atk":0,"def":31,"hp":31,"spa":31,"spd":31,"spe":31},"level":100,"moves":["scald","earthpower","stealthrock","toxic"],"name":"Seismitoad","nature":"Bold","species":"Seismitoad"},{"ability":"punkrock","evs":{"atk":252,"def":0,"hp":0,"spa":0,"spd":4,"spe":252},"happiness":160,"item":"lifeorb","ivs":{"atk":31,"def":31,"hp":31,"spa":31,"spd":31,"spe":31},"level":100,"moves":["shiftgear","drainpunch","thunderpunch","gunkshot"],"name":"Toxtricity","nature":"Adamant","species":"Toxtricity"},{"ability":"mirrorarmor","evs":{"atk":4,"def":0,"hp":252,"spa":0,"spd":252,"spe":0},"happiness":160,"item":"leftovers","ivs":{"atk":31,"def":31,"hp":31,"spa":31,"spd":31,"spe":31},"level":100,"moves":["defog","roost","irondefense","bodypress"],"name":"Corviknight","nature":"Careful","species":"Corviknight"}],"p2":"25476","p2rating":1264,"p2team":[{"ability":"fluffy","evs":{"atk":0,"def":252,"hp":252,"spa":0,"spd":0,"spe":4},"gender":"M","happiness":160,"item":"leftovers","ivs":{"atk":31,"def":31,"hp":31,"spa":31,"spd":31,"spe":31},"level":100,"moves":["cottonguard","thunderwave","bodypress","growl"],"name":"Dubwool","nature":"Impish","shiny":true,"species":"Dubwool"},{"ability":"blaze","evs":{"atk":252,"def":0,"hp":4,"spa":0,"spd":0,"spe":252},"gender":"M","happiness":160,"item":"heavydutyboots","ivs":{"atk":31,"def":31,"hp":31,"spa":31,"spd":31,"spe":31},"level":100,"moves":["pyroball","highjumpkick","uturn","courtchange"],"name":"Cinderace","nature":"Jolly","species":"Cinderace"},{"ability":"innardsout","evs":{"atk":0,"def":4,"hp":252,"spa":0,"spd":252,"spe":0},"gender":"F","happiness":160,"item":"rockyhelmet","ivs":{"atk":0,"def":31,"hp":31,"spa":31,"spd":31,"spe":31},"level":100,"moves":["painsplit","soak","lightscreen","toxic"],"name":"Pyukumuku","nature":"Calm","species":"Pyukumuku"},{"ability":"infiltrator","evs":{"atk":0,"def":4,"hp":0,"spa":252,"spd":0,"spe":252},"gender":"M","happiness":160,"item":"choicespecs","ivs":{"atk":0,"def":31,"hp":31,"spa":31,"spd":31,"spe":31},"level":100,"moves":["dracometeor","flamethrower","shadowball","thunderbolt"],"name":"Dragapult","nature":"Timid","species":"Dragapult"},{"ability":"defiant","evs":{"atk":252,"def":0,"hp":0,"spa":0,"spd":4,"spe":252},"happiness":160,"item":"lifeorb","ivs":{"atk":31,"def":31,"hp":31,"spa":31,"spd":31,"spe":31},"level":100,"moves":["swordsdance","nightslash","ironhead","suckerpunch"],"name":"Bisharp","nature":"Jolly","species":"Bisharp"},{"ability":"innerfocus","evs":{"atk":0,"def":4,"hp":0,"spa":252,"spd":0,"spe":252},"gender":"M","happiness":160,"item":"focussash","ivs":{"atk":0,"def":31,"hp":31,"spa":31,"spd":31,"spe":31},"level":100,"moves":["nastyplot","aurasphere","flashcannon","vacuumwave"],"name":"Lucario","nature":"Timid","species":"Lucario"}],"roomid":1019892,"score":[2,4],"seed":[47417,32600,8945,47241],"timestamp":"Sat Dec 28 2019 02:XX","turns":18,"winner":"25476","rated_battle":true,"average_rating":1271}