{"endType":"forfeit","format":"gen8ou","inputLog":[">version aa9f8c6b9cf4eca780a1296832ecd3b0009641e0",">version-origin 5e8529faaa5905c5f8e15eafaaefa806ee8c7d06",">start {\"formatid\":\"gen8ou\",\"seed\":[35768,26063,43837,3350],\"rated\":\"Rated battle\"}",">player p1 {\"\"name\":\"142292\",\"rating\":1227}",">player p2 {\"\"name\":\"1329\",\"rating\":1183}",">p1 team 3, 2, 1, 4, 5, 6",">p2 team 2, 1, 3, 4, 5, 6",">p1 move uturn",">p2 move flareblitz",">p1 switch 4",">p1 move dragondance",">p2 switch 4",">p1 move earthquake",">p2 move haze",">p1 move dragondance",">p2 switch 4",">p1 move waterfall",">p2 move iciclecrash",">p2 switch 4",">p1 move earthquake",">p2 move haze",">p1 move dragondance",">p2 move scald",">p1 move earthquake",">p2 switch 5",">p1 move bounce",">p2 move dracometeor",">p1 move bounce",">p2 move recover",">p1 move bounce",">p2 move appleacid",">p1 move bounce",">p2 switch 5",">p1 move earthquake",">p2 switch 5",">p1 move earthquake",">p2 move recover",">p1 move bounce",">p2 move recover",">p1 move bounce",">p2 move appleacid",">p1 switch 5",">p1 move dracometeor",">p2 switch 2",">p1 switch 6",">p2 switch 5",">p1 move willowisp",">p2 switch 2",">p1 switch 6",">p2 move leechseed",">p1 move fireblast",">p2 switch 2",">p1 switch 6",">p2 move toxicspikes",">p1 move nightshade",">p2 switch 2",">p1 move nightshade",">p2 move recover",">p1 move nightshade",">p2 move leechseed",">p1 move nightshade",">p2 move leechseed",">p1 move nightshade",">p2 move recover",">p1 switch 3",">p2 move appleacid",">p1 move rapidspin",">p2 move appleacid",">p1 switch 2",">p1 move leechseed",">p2 switch 5",">p1 switch 3",">p2 move dazzlinggleam",">p1 move strengthsap",">p2 move dazzlinggleam",">p1 move willowisp",">p2 move mysticalfire",">p1 switch 3",">p1 move dazzlinggleam",">p2 move mysticalfire",">p1 move dazzlinggleam",">p2 switch 6",">p1 switch 6",">p2 move earthquake",">p1 switch 6",">p1 move earthquake",">p2 switch 5"],"log":["|j|\u2606142292","|j|\u26061329","|player|p1|142292|1|1227","|player|p2|1329|124|1183","|teamsize|p1|6","|teamsize|p2|6","|gametype|singles","|gen|8","|tier|[Gen 8] OU","|rated|","|rule|Sleep Clause Mod: Limit one foe put to sleep","|rule|Species Clause: Limit one of each Pok\u00e9mon","|rule|OHKO Clause: OHKO moves are banned","|rule|Evasion Moves Clause: Evasion moves are banned","|rule|Endless Battle Clause: Forcing endless battles is banned","|rule|HP Percentage Mod: HP is shown in percentages","|clearpoke","|poke|p1|Excadrill, M|","|poke|p1|Ditto|","|poke|p1|Darmanitan-Galar, M|","|poke|p1|Gyarados, F|","|poke|p1|Dragapult, F|","|poke|p1|Corsola-Galar, M|","|poke|p2|Hatterene, F|","|poke|p2|Darmanitan-Galar, F|","|poke|p2|Dragapult, M|","|poke|p2|Toxapex, F|","|poke|p2|Appletun, F|","|poke|p2|Excadrill, M|","|rule|Dynamax Clause: You cannot dynamax","|teampreview","|l|\u2606142292","|player|p1|","|j|\u2606142292","|player|p1|142292|1","|","|start","|switch|p1a: Darmanitan|Darmanitan-Galar, M|351\/351","|switch|p2a: Darmanitan|Darmanitan-Galar, F|351\/351","|turn|1","|","|move|p2a: Darmanitan|Flare Blitz|p1a: Darmanitan","|-supereffective|p1a: Darmanitan","|-damage|p1a: Darmanitan|0 fnt","|-damage|p2a: Darmanitan|235\/351|[from] Recoil","|faint|p1a: Darmanitan","|","|upkeep","|","|switch|p1a: Gyarados|Gyarados, F|331\/331","|-ability|p1a: Gyarados|Intimidate|boost","|-unboost|p2a: Darmanitan|atk|1","|turn|2","|","|switch|p2a: Toxapex|Toxapex, F|304\/304","|move|p1a: Gyarados|Dragon Dance|p1a: Gyarados","|-boost|p1a: Gyarados|atk|1","|-boost|p1a: Gyarados|spe|1","|","|upkeep","|turn|3","|","|move|p1a: Gyarados|Earthquake|p2a: Toxapex","|-supereffective|p2a: Toxapex","|-damage|p2a: Toxapex|108\/304","|move|p2a: Toxapex|Haze|p2a: Toxapex","|-clearallboost","|","|-heal|p2a: Toxapex|127\/304|[from] item: Black Sludge","|upkeep","|turn|4","|","|switch|p2a: Darmanitan|Darmanitan-Galar, F|235\/351","|move|p1a: Gyarados|Dragon Dance|p1a: Gyarados","|-boost|p1a: Gyarados|atk|1","|-boost|p1a: Gyarados|spe|1","|","|upkeep","|turn|5","|","|move|p2a: Darmanitan|Icicle Crash|p1a: Gyarados","|-damage|p1a: Gyarados|40\/331","|move|p1a: Gyarados|Waterfall|p2a: Darmanitan","|-damage|p2a: Darmanitan|0 fnt","|faint|p2a: Darmanitan","|","|upkeep","|","|switch|p2a: Toxapex|Toxapex, F|228\/304","|turn|6","|","|move|p1a: Gyarados|Earthquake|p2a: Toxapex","|-supereffective|p2a: Toxapex","|-damage|p2a: Toxapex|34\/304","|move|p2a: Toxapex|Haze|p2a: Toxapex","|-clearallboost","|","|-heal|p2a: Toxapex|53\/304|[from] item: Black Sludge","|upkeep","|turn|7","|","|move|p1a: Gyarados|Dragon Dance|p1a: Gyarados","|-boost|p1a: Gyarados|atk|1","|-boost|p1a: Gyarados|spe|1","|move|p2a: Toxapex|Scald|p1a: Gyarados","|-resisted|p1a: Gyarados","|-damage|p1a: Gyarados|10\/331","|","|-heal|p2a: Toxapex|72\/304|[from] item: Black Sludge","|upkeep","|turn|8","|","|switch|p2a: Appletun|Appletun, F|424\/424","|move|p1a: Gyarados|Earthquake|p2a: Appletun","|-resisted|p2a: Appletun","|-damage|p2a: Appletun|350\/424","|","|-heal|p2a: Appletun|376\/424|[from] item: Leftovers","|upkeep","|turn|9","|","|move|p1a: Gyarados|Bounce||[still]","|-prepare|p1a: Gyarados|Bounce|p2a: Appletun","|move|p2a: Appletun|Draco Meteor|p1a: Gyarados|[miss]","|-miss|p2a: Appletun|p1a: Gyarados","|","|-heal|p2a: Appletun|402\/424|[from] item: Leftovers","|upkeep","|turn|10","|","|move|p1a: Gyarados|Bounce|p2a: Appletun|[from]lockedmove","|-supereffective|p2a: Appletun","|-damage|p2a: Appletun|24\/424","|-status|p2a: Appletun|par","|move|p2a: Appletun|Recover|p2a: Appletun","|-heal|p2a: Appletun|236\/424 par","|","|-heal|p2a: Appletun|262\/424 par|[from] item: Leftovers","|upkeep","|turn|11","|","|move|p1a: Gyarados|Bounce||[still]","|-prepare|p1a: Gyarados|Bounce|p2a: Appletun","|cant|p2a: Appletun|par","|","|-heal|p2a: Appletun|288\/424 par|[from] item: Leftovers","|upkeep","|turn|12","|","|switch|p2a: Toxapex|Toxapex, F|173\/304","|move|p1a: Gyarados|Bounce|p2a: Toxapex|[from]lockedmove|[miss]","|-miss|p1a: Gyarados|p2a: Toxapex","|","|-heal|p2a: Toxapex|192\/304|[from] item: Black Sludge","|upkeep","|turn|13","|","|switch|p2a: Appletun|Appletun, F|288\/424 par","|move|p1a: Gyarados|Earthquake|p2a: Appletun","|-resisted|p2a: Appletun","|-crit|p2a: Appletun","|-damage|p2a: Appletun|189\/424 par","|","|-heal|p2a: Appletun|215\/424 par|[from] item: Leftovers","|upkeep","|turn|14","|","|move|p1a: Gyarados|Earthquake|p2a: Appletun","|-resisted|p2a: Appletun","|-damage|p2a: Appletun|144\/424 par","|cant|p2a: Appletun|par","|","|-heal|p2a: Appletun|170\/424 par|[from] item: Leftovers","|upkeep","|turn|15","|","|move|p1a: Gyarados|Bounce||[still]","|-prepare|p1a: Gyarados|Bounce|p2a: Appletun","|move|p2a: Appletun|Recover|p2a: Appletun","|-heal|p2a: Appletun|382\/424 par","|","|-heal|p2a: Appletun|408\/424 par|[from] item: Leftovers","|upkeep","|turn|16","|","|move|p1a: Gyarados|Bounce|p2a: Appletun|[from]lockedmove","|-supereffective|p2a: Appletun","|-damage|p2a: Appletun|70\/424 par","|move|p2a: Appletun|Apple Acid|p1a: Gyarados","|-damage|p1a: Gyarados|0 fnt","|faint|p1a: Gyarados","|","|-heal|p2a: Appletun|96\/424 par|[from] item: Leftovers","|upkeep","|","|switch|p1a: Dragapult|Dragapult, F|317\/317","|turn|17","|","|switch|p2a: Hatterene|Hatterene, F|318\/318","|move|p1a: Dragapult|Draco Meteor|p2a: Hatterene","|-immune|p2a: Hatterene","|","|upkeep","|turn|18","|","|switch|p1a: Corsola|Corsola-Galar, M|324\/324","|switch|p2a: Toxapex|Toxapex, F|293\/304","|","|-heal|p2a: Toxapex|304\/304|[from] item: Black Sludge","|upkeep","|turn|19","|","|switch|p2a: Appletun|Appletun, F|96\/424 par","|move|p1a: Corsola|Will-O-Wisp||[still]","|-fail|p1a: Corsola","|","|-heal|p2a: Appletun|122\/424 par|[from] item: Leftovers","|upkeep","|turn|20","|","|switch|p1a: Dragapult|Dragapult, F|317\/317","|move|p2a: Appletun|Leech Seed|p1a: Dragapult","|-start|p1a: Dragapult|move: Leech Seed","|","|-heal|p2a: Appletun|148\/424 par|[from] item: Leftovers","|-damage|p1a: Dragapult|278\/317|[from] Leech Seed|[of] p2a: Appletun","|-heal|p2a: Appletun|187\/424 par|[silent]","|upkeep","|turn|21","|","|switch|p2a: Toxapex|Toxapex, F|304\/304","|move|p1a: Dragapult|Fire Blast|p2a: Toxapex","|-resisted|p2a: Toxapex","|-damage|p2a: Toxapex|243\/304","|","|-heal|p2a: Toxapex|262\/304|[from] item: Black Sludge","|-damage|p1a: Dragapult|239\/317|[from] Leech Seed|[of] p2a: Toxapex","|-heal|p2a: Toxapex|301\/304|[silent]","|upkeep","|turn|22","|","|switch|p1a: Corsola|Corsola-Galar, M|324\/324","|move|p2a: Toxapex|Toxic Spikes|p1a: Corsola","|-sidestart142292|move: Toxic Spikes","|","|-heal|p2a: Toxapex|304\/304|[from] item: Black Sludge","|upkeep","|turn|23","|","|switch|p2a: Appletun|Appletun, F|187\/424 par","|move|p1a: Corsola|Night Shade|p2a: Appletun","|-damage|p2a: Appletun|87\/424 par","|","|-heal|p2a: Appletun|113\/424 par|[from] item: Leftovers","|upkeep","|turn|24","|","|move|p1a: Corsola|Night Shade|p2a: Appletun","|-damage|p2a: Appletun|13\/424 par","|move|p2a: Appletun|Recover|p2a: Appletun","|-heal|p2a: Appletun|225\/424 par","|","|-heal|p2a: Appletun|251\/424 par|[from] item: Leftovers","|upkeep","|turn|25","|","|move|p1a: Corsola|Night Shade|p2a: Appletun","|-damage|p2a: Appletun|151\/424 par","|cant|p2a: Appletun|par","|","|-heal|p2a: Appletun|177\/424 par|[from] item: Leftovers","|upkeep","|turn|26","|","|move|p1a: Corsola|Night Shade|p2a: Appletun","|-damage|p2a: Appletun|77\/424 par","|move|p2a: Appletun|Leech Seed|p1a: Corsola","|-start|p1a: Corsola|move: Leech Seed","|","|-heal|p2a: Appletun|103\/424 par|[from] item: Leftovers","|-damage|p1a: Corsola|284\/324|[from] Leech Seed|[of] p2a: Appletun","|-heal|p2a: Appletun|143\/424 par|[silent]","|upkeep","|turn|27","|","|move|p1a: Corsola|Night Shade|p2a: Appletun","|-damage|p2a: Appletun|43\/424 par","|move|p2a: Appletun|Recover|p2a: Appletun","|-heal|p2a: Appletun|255\/424 par","|","|-heal|p2a: Appletun|281\/424 par|[from] item: Leftovers","|-damage|p1a: Corsola|244\/324|[from] Leech Seed|[of] p2a: Appletun","|-heal|p2a: Appletun|321\/424 par|[silent]","|upkeep","|turn|28","|","|switch|p1a: Excadrill|Excadrill, M|361\/361","|-ability|p1a: Excadrill|Mold Breaker","|move|p2a: Appletun|Apple Acid|p1a: Excadrill","|-damage|p1a: Excadrill|223\/361","|-unboost|p1a: Excadrill|spd|1","|","|-heal|p2a: Appletun|347\/424 par|[from] item: Leftovers","|upkeep","|turn|29","|l|\u2606142292","|player|p1|","|j|\u2606142292","|player|p1|142292|1","|","|move|p1a: Excadrill|Rapid Spin|p2a: Appletun","|-damage|p2a: Appletun|295\/424 par","|-sideend142292|Toxic Spikes|[from] move: Rapid Spin|[of] p1a: Excadrill","|-boost|p1a: Excadrill|spe|1","|move|p2a: Appletun|Apple Acid|p1a: Excadrill","|-crit|p1a: Excadrill","|-damage|p1a: Excadrill|0 fnt","|faint|p1a: Excadrill","|","|-heal|p2a: Appletun|321\/424 par|[from] item: Leftovers","|upkeep","|","|switch|p1a: Ditto|Ditto|300\/300","|-transform|p1a: Ditto|p2a: Appletun|[from] ability: Imposter","|turn|30","|","|switch|p2a: Hatterene|Hatterene, F|318\/318","|move|p1a: Ditto|Leech Seed|p2a: Hatterene","|move|p2a: Hatterene|Leech Seed|p1a: Ditto|[from]Magic Bounce","|-immune|p1a: Ditto","|","|upkeep","|turn|31","|","|switch|p1a: Corsola|Corsola-Galar, M|244\/324","|move|p2a: Hatterene|Dazzling Gleam|p1a: Corsola","|-damage|p1a: Corsola|141\/324","|","|upkeep","|turn|32","|l|\u2606142292","|player|p1|","|j|\u2606142292","|player|p1|142292|1","|","|move|p1a: Corsola|Strength Sap|p2a: Hatterene","|move|p2a: Hatterene|Strength Sap|p1a: Corsola|[from]Magic Bounce","|-unboost|p1a: Corsola|atk|1","|move|p2a: Hatterene|Dazzling Gleam|p1a: Corsola","|-damage|p1a: Corsola|41\/324","|-start|p2a: Hatterene|Disable|Dazzling Gleam|[from] ability: Cursed Body|[of] p1a: Corsola","|","|upkeep","|turn|33","|","|move|p1a: Corsola|Will-O-Wisp|p2a: Hatterene","|move|p2a: Hatterene|Will-O-Wisp|p1a: Corsola|[from]Magic Bounce","|-status|p1a: Corsola|brn","|move|p2a: Hatterene|Mystical Fire|p1a: Corsola","|-damage|p1a: Corsola|0 fnt","|faint|p1a: Corsola","|","|upkeep","|","|switch|p1a: Ditto|Ditto|300\/300","|-transform|p1a: Ditto|p2a: Hatterene|[from] ability: Imposter","|turn|34","|","|move|p1a: Ditto|Dazzling Gleam|p2a: Hatterene","|-damage|p2a: Hatterene|164\/318","|move|p2a: Hatterene|Mystical Fire|p1a: Ditto","|-damage|p1a: Ditto|200\/300","|-unboost|p1a: Ditto|spa|1","|-heal|p2a: Hatterene|176\/318|[from] item: Shell Bell|[of] p1a: Ditto","|","|upkeep","|turn|35","|","|switch|p2a: Excadrill|Excadrill, M|361\/361","|-ability|p2a: Excadrill|Mold Breaker","|move|p1a: Ditto|Dazzling Gleam|p2a: Excadrill","|-resisted|p2a: Excadrill","|-damage|p2a: Excadrill|288\/361","|","|upkeep","|turn|36","|","|switch|p1a: Dragapult|Dragapult, F|239\/317","|move|p2a: Excadrill|Earthquake|p1a: Dragapult","|-damage|p1a: Dragapult|0 fnt","|faint|p1a: Dragapult","|","|upkeep","|","|switch|p1a: Ditto|Ditto|200\/300","|-transform|p1a: Ditto|p2a: Excadrill|[from] ability: Imposter","|-ability|p1a: Ditto|Mold Breaker","|turn|37","|","|switch|p2a: Appletun|Appletun, F|321\/424 par","|move|p1a: Ditto|Earthquake|p2a: Appletun","|-resisted|p2a: Appletun","|-damage|p2a: Appletun|236\/424 par","|","|-heal|p2a: Appletun|262\/424 par|[from] item: Leftovers","|upkeep","|turn|38","|-message|142292 forfeited.","|","|win|1329","|l|\u2606142292","|l|\u26061329","|raw|142292's rating: 1228 &rarr; <strong>1199<\/strong><br \/>(-29 for losing)","|raw|1329's rating: 1183 &rarr; <strong>1211<\/strong><br \/>(+28 for winning)",""],"p1":"142292","p1rating":1227,"p1team":[{"ability":"moldbreaker","evs":{"atk":252,"def":0,"hp":0,"spa":0,"spd":4,"spe":252},"happiness":160,"item":"focussash","ivs":{"atk":31,"def":31,"hp":31,"spa":31,"spd":31,"spe":31},"level":100,"moves":["stealthrock","earthquake","rapidspin","rocktomb"],"name":"Excadrill","nature":"Jolly","species":"Excadrill"},{"ability":"imposter","evs":{"atk":4,"def":252,"hp":252,"spa":0,"spd":0,"spe":0},"gender":"N","happiness":160,"item":"choicescarf","ivs":{"atk":0,"def":31,"hp":31,"spa":31,"spd":31,"spe":0},"level":100,"moves":["transform"],"name":"Ditto","nature":"Relaxed","species":"Ditto"},{"ability":"gorillatactics","evs":{"atk":252,"def":0,"hp":0,"spa":0,"spd":4,"spe":252},"happiness":160,"item":"choicescarf","ivs":{"atk":31,"def":31,"hp":31,"spa":31,"spd":31,"spe":31},"level":100,"moves":["earthquake","flareblitz","uturn","iciclecrash"],"name":"Darmanitan","nature":"Jolly","species":"darmanitangalar"},{"ability":"intimidate","evs":{"atk":252,"def":0,"hp":0,"spa":0,"spd":4,"spe":252},"happiness":160,"item":"heavydutyboots","ivs":{"atk":31,"def":31,"hp":31,"spa":31,"spd":31,"spe":31},"level":100,"moves":["bounce","earthquake","waterfall","dragondance"],"name":"Gyarados","nature":"Jolly","species":"Gyarados"},{"ability":"infiltrator","evs":{"atk":0,"def":0,"hp":0,"spa":252,"spd":4,"spe":252},"happiness":160,"item":"choicespecs","ivs":{"atk":0,"def":31,"hp":31,"spa":31,"spd":31,"spe":31},"level":100,"moves":["dracometeor","shadowball","fireblast","thunderbolt"],"name":"Dragapult","nature":"Timid","species":"Dragapult"},{"ability":"cursedbody","evs":{"atk":0,"def":252,"hp":252,"spa":0,"spd":4,"spe":0},"happiness":160,"item":"eviolite","ivs":{"atk":0,"def":31,"hp":31,"spa":31,"spd":31,"spe":31},"level":100,"moves":["willowisp","strengthsap","haze","nightshade"],"name":"Corsola","nature":"Bold","species":"corsolagalar"}],"p2":"1329","p2rating":1183,"p2team":[{"ability":"magicbounce","evs":{"atk":0,"def":4,"hp":252,"spa":252,"spd":0,"spe":0},"gender":"F","happiness":160,"item":"shellbell","ivs":{"atk":0,"def":31,"hp":31,"spa":31,"spd":31,"spe":0},"level":100,"moves":["psychic","dazzlinggleam","trickroom","mysticalfire"],"name":"Hatterene","nature":"Quiet","species":"Hatterene"},{"ability":"gorillatactics","evs":{"atk":252,"def":0,"hp":0,"spa":0,"spd":4,"spe":252},"happiness":160,"item":"choicescarf","ivs":{"atk":31,"def":31,"hp":31,"spa":31,"spd":31,"spe":31},"level":100,"moves":["iciclecrash","flareblitz","superpower","earthquake"],"name":"Darmanitan","nature":"Jolly","species":"darmanitangalar"},{"ability":"infiltrator","evs":{"atk":0,"def":0,"hp":0,"spa":252,"spd":4,"spe":252},"happiness":160,"item":"expertbelt","ivs":{"atk":0,"def":31,"hp":31,"spa":31,"spd":31,"spe":31},"level":100,"moves":["dracometeor","shadowball","fireblast","thunderbolt"],"name":"Dragapult","nature":"Timid","species":"Dragapult"},{"ability":"regenerator","evs":{"atk":0,"def":252,"hp":252,"spa":0,"spd":4,"spe":0},"happiness":160,"item":"blacksludge","ivs":{"atk":0,"def":31,"hp":31,"spa":31,"spd":31,"spe":31},"level":100,"moves":["scald","recover","haze","toxicspikes"],"name":"Toxapex","nature":"Bold","species":"Toxapex"},{"ability":"thickfat","evs":{"atk":0,"def":252,"hp":252,"spa":4,"spd":0,"spe":0},"happiness":160,"item":"leftovers","ivs":{"atk":0,"def":31,"hp":31,"spa":31,"spd":31,"spe":31},"level":100,"moves":["appleacid","recover","leechseed","dracometeor"],"name":"Appletun","nature":"Bold","species":"Appletun"},{"ability":"moldbreaker","evs":{"atk":252,"def":0,"hp":0,"spa":0,"spd":4,"spe":252},"happiness":160,"item":"heavydutyboots","ivs":{"atk":31,"def":31,"hp":31,"spa":31,"spd":31,"spe":31},"level":100,"moves":["earthquake","ironhead","rapidspin","rockslide"],"name":"Excadrill","nature":"Adamant","species":"Excadrill"}],"roomid":1015634,"score":[1,5],"seed":[35768,26063,43837,3350],"timestamp":"Sat Dec 28 2019 09:XX","turns":38,"winner":"1329","rated_battle":true,"average_rating":1205}