{"endType":"normal","format":"gen8ou","inputLog":[">version aa9f8c6b9cf4eca780a1296832ecd3b0009641e0",">version-origin 5e8529faaa5905c5f8e15eafaaefa806ee8c7d06",">start {\"formatid\":\"gen8ou\",\"seed\":[14523,10140,58466,10298],\"rated\":\"Rated battle\"}",">player p1 {\"\"name\":\"13447\",\"rating\":1351}",">player p2 {\"\"name\":\"34219\",\"rating\":1334}",">p1 team 5, 2, 3, 4, 1, 6",">p2 team 5, 2, 3, 4, 1, 6",">p1 move thunderwave",">p2 move uturn",">p2 switch 3",">p1 switch 2",">p2 switch 3",">p1 move lavaplume",">p2 move earthquake",">p1 switch 2",">p1 move trick",">p2 switch 3",">p1 move voltswitch",">p2 move leechseed",">p1 switch 3",">p1 move heatwave",">p2 switch 5",">p1 move heatwave",">p2 move airslash",">p1 switch 3",">p1 move voltswitch",">p2 switch 5",">p1 switch 4",">p1 move mysticalfire",">p2 move toxic",">p1 move wish",">p2 move toxic",">p1 move mysticalfire",">p2 move toxic",">p2 switch 2",">p1 move wish",">p2 move dragondance",">p1 switch 4",">p2 move waterfall",">p1 move thunderwave",">p2 move powerwhip",">p1 move voltswitch",">p2 move powerwhip",">p1 switch 5",">p2 switch 5",">p1 move coil",">p2 move airslash",">p1 move stoneedge",">p2 move airslash",">p1 switch 6",">p2 move airslash",">p1 move roost",">p2 switch 4",">p1 switch 4",">p2 move pyroball",">p1 move wish",">p2 move pyroball",">p1 switch 6",">p1 move coil",">p2 move uturn",">p2 switch 4",">p1 move stoneedge",">p2 move airslash",">p1 switch 4",">p2 move airslash",">p1 move bravebird",">p2 switch 4",">p1 switch 5",">p2 move pyroball",">p1 move thunderwave",">p2 move uturn",">p2 switch 3",">p1 move voltswitch",">p2 move uturn",">p1 switch 5",">p1 move bravebird",">p2 move flareblitz",">p2 switch 3",">p1 switch 4",">p2 move pyroball",">p1 switch 5",">p1 move thunderwave",">p2 move uturn",">p2 switch 4",">p1 move voltswitch",">p2 move aurasphere",">p1 switch 4",">p1 move roost",">p2 switch 4",">p1 move bravebird",">p2 move pyroball",">p2 switch 4",">p1 move bravebird",">p2 move flamethrower",">p1 move roost",">p2 move flamethrower"],"log":["|j|\u260613447","|j|\u260634219","|player|p1|13447|gentleman|1351","|player|p2|34219|swimmer|1334","|teamsize|p1|6","|teamsize|p2|6","|gametype|singles","|gen|8","|tier|[Gen 8] OU","|rated|","|rule|Sleep Clause Mod: Limit one foe put to sleep","|rule|Species Clause: Limit one of each Pok\u00e9mon","|rule|OHKO Clause: OHKO moves are banned","|rule|Evasion Moves Clause: Evasion moves are banned","|rule|Endless Battle Clause: Forcing endless battles is banned","|rule|HP Percentage Mod: HP is shown in percentages","|clearpoke","|poke|p1|Sandaconda, M|","|poke|p1|Torkoal, M|","|poke|p1|Shiftry, F|","|poke|p1|Sylveon, F|","|poke|p1|Rotom-Wash|","|poke|p1|Corviknight, F|","|poke|p2|Togekiss, F|","|poke|p2|Gyarados, F|","|poke|p2|Ferrothorn, F|","|poke|p2|Cinderace, M|","|poke|p2|Darmanitan-Galar, M|","|poke|p2|Dragapult, F|","|rule|Dynamax Clause: You cannot dynamax","|teampreview","|","|start","|switch|p1a: Rotom|Rotom-Wash|303\/303","|switch|p2a: Darmanitan|Darmanitan-Galar, M|351\/351","|turn|1","|","|move|p1a: Rotom|Thunder Wave|p2a: Darmanitan","|-status|p2a: Darmanitan|par","|move|p2a: Darmanitan|U-turn|p1a: Rotom","|-damage|p1a: Rotom|128\/303","|","|switch|p2a: Ferrothorn|Ferrothorn, F|352\/352","|","|upkeep","|turn|2","|","|switch|p1a: Torkoal|Torkoal, M|343\/343","|-weather|SunnyDay|[from] ability: Drought|[of] p1a: Torkoal","|switch|p2a: Darmanitan|Darmanitan-Galar, M|351\/351 par","|","|-weather|SunnyDay|[upkeep]","|upkeep","|turn|3","|","|move|p2a: Darmanitan|Earthquake|p1a: Torkoal","|-supereffective|p1a: Torkoal","|-damage|p1a: Torkoal|0 fnt","|faint|p1a: Torkoal","|","|-weather|SunnyDay|[upkeep]","|upkeep","|","|switch|p1a: Rotom|Rotom-Wash|128\/303","|turn|4","|","|switch|p2a: Ferrothorn|Ferrothorn, F|352\/352","|move|p1a: Rotom|Trick|p2a: Ferrothorn","|-activate|p1a: Rotom|move: Trick|[of] p2a: Ferrothorn","|-item|p2a: Ferrothorn|Choice Scarf|[from] move: Trick","|-item|p1a: Rotom|Leftovers|[from] move: Trick","|","|-weather|SunnyDay|[upkeep]","|-heal|p1a: Rotom|146\/303|[from] item: Leftovers","|upkeep","|turn|5","|","|move|p1a: Rotom|Volt Switch|p2a: Ferrothorn","|-resisted|p2a: Ferrothorn","|-damage|p2a: Ferrothorn|314\/352","|","|switch|p1a: Shiftry|Shiftry, F|321\/321","|move|p2a: Ferrothorn|Leech Seed|p1a: Shiftry","|-immune|p1a: Shiftry","|","|-weather|SunnyDay|[upkeep]","|upkeep","|turn|6","|","|switch|p2a: Togekiss|Togekiss, F|311\/311","|move|p1a: Shiftry|Heat Wave|p2a: Togekiss","|-crit|p2a: Togekiss","|-damage|p2a: Togekiss|137\/311","|-damage|p1a: Shiftry|289\/321|[from] item: Life Orb","|","|-weather|none","|upkeep","|turn|7","|","|move|p2a: Togekiss|Air Slash|p1a: Shiftry","|-supereffective|p1a: Shiftry","|-damage|p1a: Shiftry|0 fnt","|faint|p1a: Shiftry","|","|upkeep","|","|switch|p1a: Rotom|Rotom-Wash|146\/303","|turn|8","|","|switch|p2a: Ferrothorn|Ferrothorn, F|314\/352","|move|p1a: Rotom|Volt Switch|p2a: Ferrothorn","|-resisted|p2a: Ferrothorn","|-damage|p2a: Ferrothorn|278\/352","|","|switch|p1a: Sylveon|Sylveon, F|393\/393","|","|upkeep","|turn|9","|","|move|p1a: Sylveon|Mystical Fire|p2a: Ferrothorn","|-supereffective|p2a: Ferrothorn","|-damage|p2a: Ferrothorn|46\/352","|-unboost|p2a: Ferrothorn|spa|1","|move|p2a: Ferrothorn|Toxic|p1a: Sylveon","|-status|p1a: Sylveon|tox","|","|-damage|p1a: Sylveon|369\/393 tox|[from] psn","|upkeep","|turn|10","|","|move|p1a: Sylveon|Wish|p1a: Sylveon","|move|p2a: Ferrothorn|Toxic|p1a: Sylveon","|-fail|p1a: Sylveon|tox","|","|-heal|p1a: Sylveon|393\/393 tox|[from] item: Leftovers","|-damage|p1a: Sylveon|345\/393 tox|[from] psn","|upkeep","|turn|11","|","|move|p1a: Sylveon|Mystical Fire|p2a: Ferrothorn","|-supereffective|p2a: Ferrothorn","|-damage|p2a: Ferrothorn|0 fnt","|faint|p2a: Ferrothorn","|","|-heal|p1a: Sylveon|393\/393 tox|[from] move: Wish|[wisher] Sylveon","|-damage|p1a: Sylveon|321\/393 tox|[from] psn","|upkeep","|","|switch|p2a: Gyarados|Gyarados, F|331\/331","|-ability|p2a: Gyarados|Intimidate|boost","|-unboost|p1a: Sylveon|atk|1","|turn|12","|","|move|p2a: Gyarados|Dragon Dance|p2a: Gyarados","|-boost|p2a: Gyarados|atk|1","|-boost|p2a: Gyarados|spe|1","|move|p1a: Sylveon|Wish|p1a: Sylveon","|","|-heal|p1a: Sylveon|345\/393 tox|[from] item: Leftovers","|-damage|p1a: Sylveon|249\/393 tox|[from] psn","|upkeep","|turn|13","|","|switch|p1a: Rotom|Rotom-Wash|146\/303","|move|p2a: Gyarados|Waterfall|p1a: Rotom","|-resisted|p1a: Rotom","|-damage|p1a: Rotom|52\/303","|","|-heal|p1a: Rotom|248\/303|[from] move: Wish|[wisher] Sylveon","|-heal|p1a: Rotom|266\/303|[from] item: Leftovers","|upkeep","|turn|14","|","|move|p2a: Gyarados|Power Whip|p1a: Rotom|[miss]","|-miss|p2a: Gyarados|p1a: Rotom","|move|p1a: Rotom|Thunder Wave|p2a: Gyarados","|-status|p2a: Gyarados|par","|","|-heal|p1a: Rotom|284\/303|[from] item: Leftovers","|upkeep","|turn|15","|","|move|p1a: Rotom|Volt Switch|p2a: Gyarados","|-supereffective|p2a: Gyarados","|-damage|p2a: Gyarados|0 fnt","|faint|p2a: Gyarados","|","|switch|p1a: Sandaconda|Sandaconda, M|347\/347","|","|upkeep","|","|switch|p2a: Togekiss|Togekiss, F|137\/311","|turn|16","|","|move|p2a: Togekiss|Air Slash|p1a: Sandaconda|[miss]","|-miss|p2a: Togekiss|p1a: Sandaconda","|move|p1a: Sandaconda|Coil|p1a: Sandaconda","|-boost|p1a: Sandaconda|atk|1","|-boost|p1a: Sandaconda|def|1","|-boost|p1a: Sandaconda|accuracy|1","|","|upkeep","|turn|17","|","|move|p2a: Togekiss|Air Slash|p1a: Sandaconda","|-damage|p1a: Sandaconda|236\/347","|cant|p1a: Sandaconda|flinch","|","|-heal|p1a: Sandaconda|257\/347|[from] item: Leftovers","|upkeep","|turn|18","|","|switch|p1a: Corviknight|Corviknight, F|399\/399","|-ability|p1a: Corviknight|Pressure","|move|p2a: Togekiss|Air Slash|p1a: Corviknight","|-resisted|p1a: Corviknight","|-damage|p1a: Corviknight|334\/399","|","|upkeep","|turn|19","|","|switch|p2a: Cinderace|Cinderace, M|301\/301","|move|p1a: Corviknight|Roost|p1a: Corviknight","|-heal|p1a: Corviknight|399\/399","|-singleturn|p1a: Corviknight|move: Roost","|","|upkeep","|turn|20","|","|switch|p1a: Sylveon|Sylveon, F|249\/393 tox","|move|p2a: Cinderace|Pyro Ball|p1a: Sylveon","|-damage|p1a: Sylveon|69\/393 tox","|","|-heal|p1a: Sylveon|93\/393 tox|[from] item: Leftovers","|-damage|p1a: Sylveon|69\/393 tox|[from] psn","|upkeep","|turn|21","|","|move|p2a: Cinderace|Pyro Ball|p1a: Sylveon","|-damage|p1a: Sylveon|0 fnt","|faint|p1a: Sylveon","|","|upkeep","|","|switch|p1a: Sandaconda|Sandaconda, M|257\/347","|turn|22","|","|move|p2a: Cinderace|U-turn|p1a: Sandaconda","|-damage|p1a: Sandaconda|197\/347","|","|switch|p2a: Togekiss|Togekiss, F|137\/311","|move|p1a: Sandaconda|Coil|p1a: Sandaconda","|-boost|p1a: Sandaconda|atk|1","|-boost|p1a: Sandaconda|def|1","|-boost|p1a: Sandaconda|accuracy|1","|","|-heal|p1a: Sandaconda|218\/347|[from] item: Leftovers","|upkeep","|turn|23","|","|move|p2a: Togekiss|Air Slash|p1a: Sandaconda","|-damage|p1a: Sandaconda|101\/347","|cant|p1a: Sandaconda|flinch","|","|-heal|p1a: Sandaconda|122\/347|[from] item: Leftovers","|upkeep","|turn|24","|","|switch|p1a: Corviknight|Corviknight, F|399\/399","|-ability|p1a: Corviknight|Pressure","|move|p2a: Togekiss|Air Slash|p1a: Corviknight","|-resisted|p1a: Corviknight","|-damage|p1a: Corviknight|334\/399","|","|upkeep","|turn|25","|","|switch|p2a: Cinderace|Cinderace, M|301\/301","|move|p1a: Corviknight|Brave Bird|p2a: Cinderace","|-damage|p2a: Cinderace|148\/301","|-damage|p1a: Corviknight|284\/399|[from] Recoil","|","|upkeep","|turn|26","|","|switch|p1a: Rotom|Rotom-Wash|284\/303","|move|p2a: Cinderace|Pyro Ball|p1a: Rotom","|-resisted|p1a: Rotom","|-damage|p1a: Rotom|188\/303","|","|-heal|p1a: Rotom|206\/303|[from] item: Leftovers","|upkeep","|turn|27","|","|move|p2a: Cinderace|U-turn|p1a: Rotom","|-damage|p1a: Rotom|137\/303","|","|switch|p2a: Darmanitan|Darmanitan-Galar, M|351\/351 par","|move|p1a: Rotom|Thunder Wave|p2a: Darmanitan|[miss]","|-miss|p1a: Rotom|p2a: Darmanitan","|","|-heal|p1a: Rotom|155\/303|[from] item: Leftovers","|upkeep","|turn|28","|","|move|p1a: Rotom|Volt Switch|p2a: Darmanitan","|-damage|p2a: Darmanitan|198\/351 par","|","|switch|p1a: Corviknight|Corviknight, F|284\/399","|-ability|p1a: Corviknight|Pressure","|cant|p2a: Darmanitan|par","|","|upkeep","|turn|29","|","|move|p1a: Corviknight|Brave Bird|p2a: Darmanitan","|-damage|p2a: Darmanitan|0 fnt","|-damage|p1a: Corviknight|219\/399|[from] Recoil","|faint|p2a: Darmanitan","|","|upkeep","|","|switch|p2a: Cinderace|Cinderace, M|148\/301","|turn|30","|","|switch|p1a: Sandaconda|Sandaconda, M|122\/347","|move|p2a: Cinderace|Pyro Ball|p1a: Sandaconda","|-damage|p1a: Sandaconda|0 fnt","|faint|p1a: Sandaconda","|","|upkeep","|","|switch|p1a: Rotom|Rotom-Wash|155\/303","|turn|31","|","|move|p2a: Cinderace|U-turn|p1a: Rotom","|-crit|p1a: Rotom","|-damage|p1a: Rotom|43\/303","|","|switch|p2a: Togekiss|Togekiss, F|137\/311","|move|p1a: Rotom|Thunder Wave|p2a: Togekiss|[miss]","|-miss|p1a: Rotom|p2a: Togekiss","|","|-heal|p1a: Rotom|61\/303|[from] item: Leftovers","|upkeep","|turn|32","|","|move|p2a: Togekiss|Aura Sphere|p1a: Rotom","|-damage|p1a: Rotom|0 fnt","|faint|p1a: Rotom","|","|upkeep","|","|switch|p1a: Corviknight|Corviknight, F|219\/399","|-ability|p1a: Corviknight|Pressure","|turn|33","|","|switch|p2a: Cinderace|Cinderace, M|148\/301","|move|p1a: Corviknight|Roost|p1a: Corviknight","|-heal|p1a: Corviknight|399\/399","|-singleturn|p1a: Corviknight|move: Roost","|","|upkeep","|turn|34","|","|move|p2a: Cinderace|Pyro Ball|p1a: Corviknight|[miss]","|-miss|p2a: Cinderace|p1a: Corviknight","|move|p1a: Corviknight|Brave Bird|p2a: Cinderace","|-damage|p2a: Cinderace|0 fnt","|-damage|p1a: Corviknight|350\/399|[from] Recoil","|faint|p2a: Cinderace","|","|upkeep","|","|switch|p2a: Togekiss|Togekiss, F|137\/311","|turn|35","|","|move|p2a: Togekiss|Flamethrower|p1a: Corviknight","|-supereffective|p1a: Corviknight","|-damage|p1a: Corviknight|172\/399","|move|p1a: Corviknight|Brave Bird|p2a: Togekiss","|-damage|p2a: Togekiss|13\/311","|-damage|p1a: Corviknight|131\/399|[from] Recoil","|","|upkeep","|turn|36","|","|move|p2a: Togekiss|Flamethrower|p1a: Corviknight","|-supereffective|p1a: Corviknight","|-damage|p1a: Corviknight|0 fnt","|faint|p1a: Corviknight","|","|win|34219","|l|\u260613447","|raw|13447's rating: 1330 &rarr; <strong>1309<\/strong><br \/>(-21 for losing)","|raw|34219's rating: 1310 &rarr; <strong>1331<\/strong><br \/>(+21 for winning)",""],"p1":"13447","p1rating":1351,"p1team":[{"ability":"shedskin","evs":{"atk":4,"def":4,"hp":248,"spa":0,"spd":248,"spe":4},"happiness":160,"item":"leftovers","ivs":{"atk":31,"def":31,"hp":31,"spa":31,"spd":31,"spe":31},"level":100,"moves":["earthquake","stoneedge","rest","coil"],"name":"Sandaconda","nature":"Careful","species":"Sandaconda"},{"ability":"drought","evs":{"atk":0,"def":16,"hp":248,"spa":0,"spd":244,"spe":0},"happiness":160,"item":"heavydutyboots","ivs":{"atk":31,"def":31,"hp":31,"spa":31,"spd":31,"spe":31},"level":100,"moves":["lavaplume","bodypress","rapidspin","stealthrock"],"name":"Torkoal","nature":"Bold","species":"Torkoal"},{"ability":"chlorophyll","evs":{"atk":252,"def":0,"hp":0,"spa":4,"spd":0,"spe":252},"happiness":160,"item":"lifeorb","ivs":{"atk":31,"def":31,"hp":31,"spa":31,"spd":31,"spe":31},"level":100,"moves":["solarblade","suckerpunch","heatwave","growth"],"name":"Shiftry","nature":"Naughty","species":"Shiftry"},{"ability":"pixilate","evs":{"atk":0,"def":216,"hp":248,"spa":0,"spd":28,"spe":16},"gender":"F","happiness":160,"item":"leftovers","ivs":{"atk":0,"def":31,"hp":31,"spa":31,"spd":31,"spe":31},"level":100,"moves":["hypervoice","mysticalfire","wish","protect"],"name":"Sylveon","nature":"Bold","species":"Sylveon"},{"ability":"levitate","evs":{"atk":0,"def":0,"hp":248,"spa":44,"spd":0,"spe":216},"gender":"N","happiness":160,"item":"choicescarf","ivs":{"atk":0,"def":31,"hp":31,"spa":31,"spd":31,"spe":31},"level":100,"moves":["voltswitch","hydropump","thunderwave","trick"],"name":"Rotom","nature":"Timid","species":"rotomwash"},{"ability":"pressure","evs":{"atk":0,"def":80,"hp":248,"spa":0,"spd":180,"spe":0},"happiness":160,"item":"rockyhelmet","ivs":{"atk":31,"def":31,"hp":31,"spa":31,"spd":31,"spe":31},"level":100,"moves":["bravebird","uturn","roost","defog"],"name":"Corviknight","nature":"Impish","species":"Corviknight"}],"p2":"34219","p2rating":1334,"p2team":[{"ability":"serenegrace","evs":{"atk":0,"def":0,"hp":0,"spa":252,"spd":4,"spe":252},"happiness":160,"item":"choicescarf","ivs":{"atk":0,"def":31,"hp":31,"spa":31,"spd":31,"spe":31},"level":100,"moves":["airslash","flamethrower","dazzlinggleam","aurasphere"],"name":"Togekiss","nature":"Timid","species":"Togekiss"},{"ability":"intimidate","evs":{"atk":252,"def":0,"hp":0,"spa":0,"spd":4,"spe":252},"happiness":160,"item":"leftovers","ivs":{"atk":31,"def":31,"hp":31,"spa":31,"spd":31,"spe":31},"level":100,"moves":["dragondance","waterfall","earthquake","powerwhip"],"name":"Gyarados","nature":"Jolly","species":"Gyarados"},{"ability":"ironbarbs","evs":{"atk":4,"def":252,"hp":252,"spa":0,"spd":0,"spe":0},"happiness":160,"item":"leftovers","ivs":{"atk":31,"def":31,"hp":31,"spa":31,"spd":31,"spe":0},"level":100,"moves":["leechseed","gyroball","toxic","protect"],"name":"Ferrothorn","nature":"Relaxed","species":"Ferrothorn"},{"ability":"blaze","evs":{"atk":252,"def":0,"hp":0,"spa":0,"spd":4,"spe":252},"happiness":160,"item":"heavydutyboots","ivs":{"atk":31,"def":31,"hp":31,"spa":31,"spd":31,"spe":31},"level":100,"moves":["courtchange","pyroball","uturn","suckerpunch"],"name":"Cinderace","nature":"Jolly","species":"Cinderace"},{"ability":"gorillatactics","evs":{"atk":252,"def":0,"hp":0,"spa":0,"spd":4,"spe":252},"happiness":160,"item":"choiceband","ivs":{"atk":31,"def":31,"hp":31,"spa":31,"spd":31,"spe":31},"level":100,"moves":["uturn","earthquake","iciclecrash","flareblitz"],"name":"Darmanitan","nature":"Jolly","species":"darmanitangalar"},{"ability":"infiltrator","evs":{"atk":0,"def":0,"hp":0,"spa":252,"spd":4,"spe":252},"happiness":160,"item":"lifeorb","ivs":{"atk":0,"def":31,"hp":31,"spa":31,"spd":31,"spe":31},"level":100,"moves":["dracometeor","fireblast","shadowball","thunderbolt"],"name":"Dragapult","nature":"Timid","species":"Dragapult"}],"roomid":1017665,"score":[0,2],"seed":[14523,10140,58466,10298],"timestamp":"Sat Dec 28 2019 23:XX","turns":36,"winner":"34219","rated_battle":true,"average_rating":1342}