{"endType":"normal","format":"gen8ou","inputLog":[">version aa9f8c6b9cf4eca780a1296832ecd3b0009641e0",">version-origin 5e8529faaa5905c5f8e15eafaaefa806ee8c7d06",">start {\"formatid\":\"gen8ou\",\"seed\":[32576,16534,8016,60815],\"rated\":\"Rated battle\"}",">player p1 {\"\"name\":\"38804\",\"rating\":1342}",">player p2 {\"\"name\":\"11140\",\"rating\":1366}",">p1 team 3, 2, 1, 4, 5, 6",">p2 team 6, 2, 3, 4, 5, 1",">p1 move iciclecrash",">p2 switch 3",">p1 switch 5",">p2 move swordsdance",">p1 move foulplay",">p2 move kingsshield",">p1 move foulplay",">p2 switch 2",">p1 switch 5",">p2 move attract",">p1 move flareblitz",">p2 move quiverdance",">p2 switch 4",">p1 switch 6",">p2 move substitute",">p1 move protect",">p2 move toxic",">p1 move scald",">p2 move fireblast",">p1 move scald",">p2 move protect",">p1 move stealthrock",">p2 move toxic",">p1 move scald",">p2 move substitute",">p1 switch 4",">p2 switch 6",">p1 move drainingkiss",">p2 move lightscreen",">p1 move trickroom",">p2 move spiritbreak",">p1 move drainingkiss",">p2 move spiritbreak",">p1 switch 2",">p2 switch 6",">p1 move uturn",">p2 move protect",">p1 move pyroball",">p2 move toxic",">p1 move uturn",">p2 move protect",">p1 move pyroball",">p2 move substitute",">p1 switch 4",">p2 move protect",">p1 move scald",">p2 move protect",">p1 move scald",">p2 move substitute",">p1 switch 4",">p2 move protect",">p1 move pyroball",">p2 move fireblast",">p1 switch 6",">p2 switch 5",">p1 move flareblitz",">p2 switch 2",">p1 move flareblitz",">p2 move kingsshield",">p1 switch 3",">p2 switch 3",">p1 move outrage",">p2 move foulplay",">p1 move outrage",">p2 switch 6",">p1 switch 5",">p2 move thunderwave",">p1 move uturn",">p2 move spiritbreak",">p1 switch 3",">p1 move uturn",">p2 move thunderwave",">p1 switch 3",">p2 switch 3",">p1 move roost",">p2 move shadowsneak",">p1 move roost",">p2 move swordsdance",">p1 move foulplay",">p2 move kingsshield",">p1 move foulplay",">p2 move ironhead",">p1 switch 4",">p2 move ironhead",">p1 move scald",">p2 move kingsshield",">p1 switch 4",">p2 move ironhead",">p1 switch 3",">p1 move flareblitz",">p2 move kingsshield",">p1 move flareblitz",">p2 move ironhead",">p2 switch 2",">p1 switch 2",">p2 move earthquake",">p1 switch 2",">p1 move iciclecrash",">p2 move earthquake",">p1 switch 5",">p1 move outrage",">p2 switch 6",">p2 switch 6",">p1 move outrage",">p2 move dragonclaw",">p1 switch 4",">p1 move scald",">p2 move dragonclaw"],"log":["|j|\u260638804","|j|\u260611140","|player|p1|38804|hugh|1342","|player|p2|11140|62|1366","|teamsize|p1|6","|teamsize|p2|6","|gametype|singles","|gen|8","|tier|[Gen 8] OU","|rated|","|rule|Sleep Clause Mod: Limit one foe put to sleep","|rule|Species Clause: Limit one of each Pok\u00e9mon","|rule|OHKO Clause: OHKO moves are banned","|rule|Evasion Moves Clause: Evasion moves are banned","|rule|Endless Battle Clause: Forcing endless battles is banned","|rule|HP Percentage Mod: HP is shown in percentages","|clearpoke","|poke|p1|Dracovish|","|poke|p1|Cinderace, F|","|poke|p1|Darmanitan-Galar, F|","|poke|p1|Hatterene, F|","|poke|p1|Mandibuzz, F|","|poke|p1|Seismitoad, M|","|poke|p2|Grimmsnarl, M|","|poke|p2|Frosmoth, M|","|poke|p2|Aegislash, F|","|poke|p2|Salazzle, F|","|poke|p2|Dracozolt|","|poke|p2|Mandibuzz, F|","|rule|Dynamax Clause: You cannot dynamax","|teampreview","|","|start","|switch|p1a: Darmanitan|Darmanitan-Galar, F|351\/351","|switch|p2a: Mandibuzz|Mandibuzz, F|424\/424","|turn|1","|","|switch|p2a: Aegislash|Aegislash, F|324\/324","|move|p1a: Darmanitan|Icicle Crash|p2a: Aegislash","|-resisted|p2a: Aegislash","|-damage|p2a: Aegislash|251\/324","|","|-heal|p2a: Aegislash|271\/324|[from] item: Leftovers","|upkeep","|turn|2","|","|switch|p1a: Mandibuzz|Mandibuzz, F|422\/422","|move|p2a: Aegislash|Swords Dance|p2a: Aegislash","|-boost|p2a: Aegislash|atk|2","|","|-heal|p2a: Aegislash|291\/324|[from] item: Leftovers","|upkeep","|turn|3","|","|move|p2a: Aegislash|King's Shield|p2a: Aegislash","|-singleturn|p2a: Aegislash|Protect","|move|p1a: Mandibuzz|Foul Play|p2a: Aegislash","|-activate|p2a: Aegislash|move: Protect","|-unboost|p1a: Mandibuzz|atk|1","|","|-heal|p2a: Aegislash|311\/324|[from] item: Leftovers","|upkeep","|turn|4","|","|switch|p2a: Frosmoth|Frosmoth, M|281\/281","|move|p1a: Mandibuzz|Foul Play|p2a: Frosmoth","|-damage|p2a: Frosmoth|191\/281","|","|upkeep","|turn|5","|","|switch|p1a: Darmanitan|Darmanitan-Galar, F|351\/351","|move|p2a: Frosmoth|Attract|p1a: Darmanitan","|-start|p1a: Darmanitan|Attract","|","|upkeep","|turn|6","|","|-activate|p1a: Darmanitan|move: Attract|[of] p2a: Frosmoth","|move|p1a: Darmanitan|Flare Blitz|p2a: Frosmoth","|-supereffective|p2a: Frosmoth","|-damage|p2a: Frosmoth|0 fnt","|-damage|p1a: Darmanitan|288\/351|[from] Recoil","|faint|p2a: Frosmoth","|-end|p1a: Darmanitan|Attract|[silent]","|","|upkeep","|","|switch|p2a: Salazzle|Salazzle, F|339\/339","|turn|7","|","|switch|p1a: Seismitoad|Seismitoad, M|414\/414","|move|p2a: Salazzle|Substitute|p2a: Salazzle","|-start|p2a: Salazzle|Substitute","|-damage|p2a: Salazzle|255\/339","|","|-heal|p2a: Salazzle|276\/339|[from] item: Leftovers","|upkeep","|turn|8","|","|move|p1a: Seismitoad|Protect|p1a: Seismitoad","|-singleturn|p1a: Seismitoad|Protect","|move|p2a: Salazzle|Toxic|p1a: Seismitoad","|-activate|p1a: Seismitoad|move: Protect","|","|-heal|p2a: Salazzle|297\/339|[from] item: Leftovers","|upkeep","|turn|9","|","|move|p2a: Salazzle|Fire Blast|p1a: Seismitoad","|-resisted|p1a: Seismitoad","|-damage|p1a: Seismitoad|326\/414","|move|p1a: Seismitoad|Scald|p2a: Salazzle","|-supereffective|p2a: Salazzle","|-end|p2a: Salazzle|Substitute","|","|-heal|p2a: Salazzle|318\/339|[from] item: Leftovers","|-heal|p1a: Seismitoad|351\/414|[from] item: Leftovers","|upkeep","|turn|10","|","|move|p2a: Salazzle|Protect|p2a: Salazzle","|-singleturn|p2a: Salazzle|Protect","|move|p1a: Seismitoad|Scald|p2a: Salazzle","|-activate|p2a: Salazzle|move: Protect","|","|-heal|p2a: Salazzle|339\/339|[from] item: Leftovers","|-heal|p1a: Seismitoad|376\/414|[from] item: Leftovers","|upkeep","|turn|11","|","|move|p2a: Salazzle|Toxic|p1a: Seismitoad","|-status|p1a: Seismitoad|tox","|move|p1a: Seismitoad|Stealth Rock|p2a: Salazzle","|-sidestart11140|move: Stealth Rock","|","|-heal|p1a: Seismitoad|401\/414 tox|[from] item: Leftovers","|-damage|p1a: Seismitoad|376\/414 tox|[from] psn","|upkeep","|turn|12","|","|move|p2a: Salazzle|Substitute|p2a: Salazzle","|-start|p2a: Salazzle|Substitute","|-damage|p2a: Salazzle|255\/339","|move|p1a: Seismitoad|Scald|p2a: Salazzle","|-supereffective|p2a: Salazzle","|-end|p2a: Salazzle|Substitute","|","|-heal|p2a: Salazzle|276\/339|[from] item: Leftovers","|-heal|p1a: Seismitoad|401\/414 tox|[from] item: Leftovers","|-damage|p1a: Seismitoad|351\/414 tox|[from] psn","|upkeep","|turn|13","|","|switch|p2a: Grimmsnarl|Grimmsnarl, M|394\/394","|-damage|p2a: Grimmsnarl|345\/394|[from] Stealth Rock","|switch|p1a: Hatterene|Hatterene, F|318\/318","|","|upkeep","|turn|14","|","|move|p2a: Grimmsnarl|Light Screen|p2a: Grimmsnarl","|-sidestart11140|move: Light Screen","|move|p1a: Hatterene|Draining Kiss|p2a: Grimmsnarl","|-supereffective|p2a: Grimmsnarl","|-damage|p2a: Grimmsnarl|222\/394","|","|upkeep","|turn|15","|","|move|p2a: Grimmsnarl|Spirit Break|p1a: Hatterene","|-damage|p1a: Hatterene|167\/318","|-unboost|p1a: Hatterene|spa|1","|move|p1a: Hatterene|Trick Room|p1a: Hatterene","|-fieldstart|move: Trick Room|[of] p1a: Hatterene","|","|-heal|p1a: Hatterene|186\/318|[from] item: Leftovers","|upkeep","|turn|16","|","|move|p1a: Hatterene|Draining Kiss|p2a: Grimmsnarl","|-supereffective|p2a: Grimmsnarl","|-damage|p2a: Grimmsnarl|131\/394","|-heal|p1a: Hatterene|254\/318|[from] drain|[of] p2a: Grimmsnarl","|move|p2a: Grimmsnarl|Spirit Break|p1a: Hatterene","|-damage|p1a: Hatterene|103\/318","|-unboost|p1a: Hatterene|spa|1","|","|-heal|p1a: Hatterene|122\/318|[from] item: Leftovers","|upkeep","|turn|17","|","|switch|p1a: Cinderace|Cinderace, F|301\/301","|switch|p2a: Salazzle|Salazzle, F|276\/339","|-damage|p2a: Salazzle|192\/339|[from] Stealth Rock","|","|-heal|p2a: Salazzle|213\/339|[from] item: Leftovers","|upkeep","|turn|18","|","|move|p2a: Salazzle|Protect|p2a: Salazzle","|-singleturn|p2a: Salazzle|Protect","|move|p1a: Cinderace|U-turn|p2a: Salazzle","|-activate|p2a: Salazzle|move: Protect","|","|-heal|p2a: Salazzle|234\/339|[from] item: Leftovers","|upkeep","|turn|19","|","|move|p1a: Cinderace|Pyro Ball|p2a: Salazzle","|-resisted|p2a: Salazzle","|-damage|p2a: Salazzle|68\/339","|move|p2a: Salazzle|Toxic|p1a: Cinderace","|-status|p1a: Cinderace|tox","|","|-heal|p2a: Salazzle|89\/339|[from] item: Leftovers","|-damage|p1a: Cinderace|283\/301 tox|[from] psn","|-fieldend|move: Trick Room","|upkeep","|turn|20","|","|move|p2a: Salazzle|Protect|p2a: Salazzle","|-singleturn|p2a: Salazzle|Protect","|move|p1a: Cinderace|U-turn|p2a: Salazzle","|-activate|p2a: Salazzle|move: Protect","|","|-heal|p2a: Salazzle|110\/339|[from] item: Leftovers","|-damage|p1a: Cinderace|247\/301 tox|[from] psn","|upkeep","|turn|21","|","|move|p2a: Salazzle|Substitute|p2a: Salazzle","|-start|p2a: Salazzle|Substitute","|-damage|p2a: Salazzle|26\/339","|move|p1a: Cinderace|Pyro Ball|p2a: Salazzle","|-resisted|p2a: Salazzle","|-end|p2a: Salazzle|Substitute","|","|-heal|p2a: Salazzle|47\/339|[from] item: Leftovers","|-damage|p1a: Cinderace|193\/301 tox|[from] psn","|-sideend11140|move: Light Screen","|upkeep","|turn|22","|","|switch|p1a: Seismitoad|Seismitoad, M|351\/414 tox","|move|p2a: Salazzle|Protect||[still]","|-fail|p2a: Salazzle","|","|-heal|p2a: Salazzle|68\/339|[from] item: Leftovers","|-heal|p1a: Seismitoad|376\/414 tox|[from] item: Leftovers","|-damage|p1a: Seismitoad|351\/414 tox|[from] psn","|upkeep","|turn|23","|","|move|p2a: Salazzle|Protect|p2a: Salazzle","|-singleturn|p2a: Salazzle|Protect","|move|p1a: Seismitoad|Scald|p2a: Salazzle","|-activate|p2a: Salazzle|move: Protect","|","|-heal|p2a: Salazzle|89\/339|[from] item: Leftovers","|-heal|p1a: Seismitoad|376\/414 tox|[from] item: Leftovers","|-damage|p1a: Seismitoad|326\/414 tox|[from] psn","|upkeep","|turn|24","|","|move|p2a: Salazzle|Substitute|p2a: Salazzle","|-start|p2a: Salazzle|Substitute","|-damage|p2a: Salazzle|5\/339","|move|p1a: Seismitoad|Scald|p2a: Salazzle","|-supereffective|p2a: Salazzle","|-end|p2a: Salazzle|Substitute","|","|-heal|p2a: Salazzle|26\/339|[from] item: Leftovers","|-heal|p1a: Seismitoad|351\/414 tox|[from] item: Leftovers","|-damage|p1a: Seismitoad|276\/414 tox|[from] psn","|upkeep","|turn|25","|","|switch|p1a: Cinderace|Cinderace, F|193\/301 tox","|move|p2a: Salazzle|Protect||[still]","|-fail|p2a: Salazzle","|","|-heal|p2a: Salazzle|47\/339|[from] item: Leftovers","|-damage|p1a: Cinderace|175\/301 tox|[from] psn","|upkeep","|turn|26","|","|move|p2a: Salazzle|Fire Blast|p1a: Cinderace","|-resisted|p1a: Cinderace","|-crit|p1a: Cinderace","|-damage|p1a: Cinderace|34\/301 tox","|move|p1a: Cinderace|Pyro Ball|p2a: Salazzle","|-resisted|p2a: Salazzle","|-damage|p2a: Salazzle|0 fnt","|faint|p2a: Salazzle","|","|-damage|p1a: Cinderace|0 fnt|[from] psn","|faint|p1a: Cinderace","|upkeep","|","|switch|p2a: Dracozolt|Dracozolt|321\/321","|switch|p1a: Darmanitan|Darmanitan-Galar, F|288\/351","|-damage|p2a: Dracozolt|281\/321|[from] Stealth Rock","|turn|27","|","|switch|p2a: Aegislash|Aegislash, F|311\/324","|-damage|p2a: Aegislash|291\/324|[from] Stealth Rock","|move|p1a: Darmanitan|Flare Blitz|p2a: Aegislash","|-supereffective|p2a: Aegislash","|-damage|p2a: Aegislash|55\/324","|-damage|p1a: Darmanitan|210\/351|[from] Recoil","|","|-heal|p2a: Aegislash|75\/324|[from] item: Leftovers","|upkeep","|turn|28","|","|move|p2a: Aegislash|King's Shield|p2a: Aegislash","|-singleturn|p2a: Aegislash|Protect","|move|p1a: Darmanitan|Flare Blitz|p2a: Aegislash","|-activate|p2a: Aegislash|move: Protect","|-unboost|p1a: Darmanitan|atk|1","|","|-heal|p2a: Aegislash|95\/324|[from] item: Leftovers","|upkeep","|turn|29","|","|switch|p1a: Dracovish|Dracovish|321\/321","|switch|p2a: Mandibuzz|Mandibuzz, F|424\/424","|-damage|p2a: Mandibuzz|318\/424|[from] Stealth Rock","|","|-heal|p2a: Mandibuzz|344\/424|[from] item: Leftovers","|upkeep","|turn|30","|","|move|p1a: Dracovish|Outrage|p2a: Mandibuzz","|-damage|p2a: Mandibuzz|155\/424","|move|p2a: Mandibuzz|Foul Play|p1a: Dracovish","|-damage|p1a: Dracovish|188\/321","|","|-heal|p2a: Mandibuzz|181\/424|[from] item: Leftovers","|upkeep","|turn|31","|","|switch|p2a: Grimmsnarl|Grimmsnarl, M|131\/394","|-damage|p2a: Grimmsnarl|82\/394|[from] Stealth Rock","|move|p1a: Dracovish|Outrage|p2a: Grimmsnarl|[from]lockedmove","|-immune|p2a: Grimmsnarl","|","|upkeep","|turn|32","|","|switch|p1a: Mandibuzz|Mandibuzz, F|422\/422","|move|p2a: Grimmsnarl|Thunder Wave|p1a: Mandibuzz","|-hint|Since gen 7, Dark is immune to Prankster moves.","|-immune|p1a: Mandibuzz","|","|upkeep","|turn|33","|","|move|p2a: Grimmsnarl|Spirit Break|p1a: Mandibuzz","|-supereffective|p1a: Mandibuzz","|-crit|p1a: Mandibuzz","|-damage|p1a: Mandibuzz|32\/422","|-unboost|p1a: Mandibuzz|spa|1","|move|p1a: Mandibuzz|U-turn|p2a: Grimmsnarl","|-damage|p2a: Grimmsnarl|25\/394","|","|switch|p1a: Darmanitan|Darmanitan-Galar, F|210\/351","|","|upkeep","|turn|34","|","|move|p2a: Grimmsnarl|Thunder Wave|p1a: Darmanitan","|-status|p1a: Darmanitan|par","|move|p1a: Darmanitan|U-turn|p2a: Grimmsnarl","|-damage|p2a: Grimmsnarl|0 fnt","|faint|p2a: Grimmsnarl","|","|switch|p1a: Mandibuzz|Mandibuzz, F|32\/422","|","|upkeep","|","|switch|p2a: Aegislash|Aegislash, F|95\/324","|-damage|p2a: Aegislash|75\/324|[from] Stealth Rock","|turn|35","|","|-formechange|p2a: Aegislash|Aegislash-Blade||[from] ability: Stance Change","|move|p2a: Aegislash|Shadow Sneak|p1a: Mandibuzz","|-resisted|p1a: Mandibuzz","|-damage|p1a: Mandibuzz|5\/422","|move|p1a: Mandibuzz|Roost|p1a: Mandibuzz","|-heal|p1a: Mandibuzz|216\/422","|-singleturn|p1a: Mandibuzz|move: Roost","|","|-heal|p2a: Aegislash|95\/324|[from] item: Leftovers","|upkeep","|turn|36","|","|move|p2a: Aegislash|Swords Dance|p2a: Aegislash","|-boost|p2a: Aegislash|atk|2","|move|p1a: Mandibuzz|Roost|p1a: Mandibuzz","|-heal|p1a: Mandibuzz|422\/422","|-singleturn|p1a: Mandibuzz|move: Roost","|","|-heal|p2a: Aegislash|115\/324|[from] item: Leftovers","|upkeep","|turn|37","|","|-formechange|p2a: Aegislash|Aegislash||[from] ability: Stance Change","|move|p2a: Aegislash|King's Shield|p2a: Aegislash","|-singleturn|p2a: Aegislash|Protect","|move|p1a: Mandibuzz|Foul Play|p2a: Aegislash","|-activate|p2a: Aegislash|move: Protect","|-unboost|p1a: Mandibuzz|atk|1","|","|-heal|p2a: Aegislash|135\/324|[from] item: Leftovers","|upkeep","|turn|38","|","|-formechange|p2a: Aegislash|Aegislash-Blade||[from] ability: Stance Change","|move|p2a: Aegislash|Iron Head|p1a: Mandibuzz","|-damage|p1a: Mandibuzz|197\/422","|cant|p1a: Mandibuzz|flinch","|","|-heal|p2a: Aegislash|155\/324|[from] item: Leftovers","|upkeep","|turn|39","|","|switch|p1a: Seismitoad|Seismitoad, M|276\/414 tox","|move|p2a: Aegislash|Iron Head|p1a: Seismitoad","|-resisted|p1a: Seismitoad","|-damage|p1a: Seismitoad|172\/414 tox","|","|-heal|p1a: Seismitoad|197\/414 tox|[from] item: Leftovers","|-heal|p2a: Aegislash|175\/324|[from] item: Leftovers","|-damage|p1a: Seismitoad|172\/414 tox|[from] psn","|upkeep","|turn|40","|","|-formechange|p2a: Aegislash|Aegislash||[from] ability: Stance Change","|move|p2a: Aegislash|King's Shield|p2a: Aegislash","|-singleturn|p2a: Aegislash|Protect","|move|p1a: Seismitoad|Scald|p2a: Aegislash","|-activate|p2a: Aegislash|move: Protect","|","|-heal|p1a: Seismitoad|197\/414 tox|[from] item: Leftovers","|-heal|p2a: Aegislash|195\/324|[from] item: Leftovers","|-damage|p1a: Seismitoad|147\/414 tox|[from] psn","|upkeep","|turn|41","|","|switch|p1a: Mandibuzz|Mandibuzz, F|197\/422","|-formechange|p2a: Aegislash|Aegislash-Blade||[from] ability: Stance Change","|move|p2a: Aegislash|Iron Head|p1a: Mandibuzz","|-damage|p1a: Mandibuzz|0 fnt","|faint|p1a: Mandibuzz","|","|-heal|p2a: Aegislash|215\/324|[from] item: Leftovers","|upkeep","|","|switch|p1a: Darmanitan|Darmanitan-Galar, F|210\/351 par","|turn|42","|","|-formechange|p2a: Aegislash|Aegislash||[from] ability: Stance Change","|move|p2a: Aegislash|King's Shield|p2a: Aegislash","|-singleturn|p2a: Aegislash|Protect","|cant|p1a: Darmanitan|par","|","|-heal|p2a: Aegislash|235\/324|[from] item: Leftovers","|upkeep","|turn|43","|","|move|p1a: Darmanitan|Flare Blitz|p2a: Aegislash","|-supereffective|p2a: Aegislash","|-damage|p2a: Aegislash|0 fnt","|-damage|p1a: Darmanitan|132\/351 par|[from] Recoil","|faint|p2a: Aegislash","|","|upkeep","|","|switch|p2a: Dracozolt|Dracozolt|281\/321","|-damage|p2a: Dracozolt|241\/321|[from] Stealth Rock","|turn|44","|","|switch|p1a: Hatterene|Hatterene, F|122\/318","|move|p2a: Dracozolt|Earthquake|p1a: Hatterene","|-damage|p1a: Hatterene|0 fnt","|faint|p1a: Hatterene","|","|upkeep","|","|switch|p1a: Darmanitan|Darmanitan-Galar, F|132\/351 par","|turn|45","|","|move|p2a: Dracozolt|Earthquake|p1a: Darmanitan","|-damage|p1a: Darmanitan|0 fnt","|faint|p1a: Darmanitan","|","|upkeep","|","|switch|p1a: Dracovish|Dracovish|188\/321","|turn|46","|","|switch|p2a: Mandibuzz|Mandibuzz, F|181\/424","|-damage|p2a: Mandibuzz|75\/424|[from] Stealth Rock","|move|p1a: Dracovish|Outrage|p2a: Mandibuzz","|-crit|p2a: Mandibuzz","|-damage|p2a: Mandibuzz|0 fnt","|faint|p2a: Mandibuzz","|","|upkeep","|","|switch|p2a: Dracozolt|Dracozolt|241\/321","|-damage|p2a: Dracozolt|201\/321|[from] Stealth Rock","|turn|47","|","|move|p2a: Dracozolt|Dragon Claw|p1a: Dracovish","|-supereffective|p1a: Dracovish","|-damage|p1a: Dracovish|0 fnt","|faint|p1a: Dracovish","|","|upkeep","|","|switch|p1a: Seismitoad|Seismitoad, M|147\/414 tox","|turn|48","|","|move|p2a: Dracozolt|Dragon Claw|p1a: Seismitoad","|-damage|p1a: Seismitoad|0 fnt","|faint|p1a: Seismitoad","|","|win|11140","|l|\u260638804","|raw|38804's rating: 1343 &rarr; <strong>1324<\/strong><br \/>(-19 for losing)","|raw|11140's rating: 1366 &rarr; <strong>1384<\/strong><br \/>(+18 for winning)",""],"p1":"38804","p1rating":1342,"p1team":[{"ability":"strongjaw","evs":{"atk":252,"def":0,"hp":0,"spa":0,"spd":4,"spe":252},"gender":"N","happiness":160,"item":"choiceband","ivs":{"atk":31,"def":31,"hp":31,"spa":31,"spd":31,"spe":31},"level":100,"moves":["fishiousrend","psychicfangs","crunch","outrage"],"name":"Dracovish","nature":"Adamant","species":"Dracovish"},{"ability":"blaze","evs":{"atk":252,"def":0,"hp":0,"spa":0,"spd":4,"spe":252},"happiness":160,"item":"heavydutyboots","ivs":{"atk":31,"def":31,"hp":31,"spa":31,"spd":31,"spe":31},"level":100,"moves":["pyroball","uturn","suckerpunch","courtchange"],"name":"Cinderace","nature":"Adamant","species":"Cinderace"},{"ability":"gorillatactics","evs":{"atk":252,"def":0,"hp":0,"spa":0,"spd":4,"spe":252},"happiness":160,"item":"choicescarf","ivs":{"atk":31,"def":31,"hp":31,"spa":31,"spd":31,"spe":31},"level":100,"moves":["iciclecrash","flareblitz","uturn","earthquake"],"name":"Darmanitan","nature":"Jolly","species":"darmanitangalar"},{"ability":"magicbounce","evs":{"atk":0,"def":0,"hp":252,"spa":252,"spd":4,"spe":0},"gender":"F","happiness":160,"item":"leftovers","ivs":{"atk":0,"def":31,"hp":31,"spa":31,"spd":31,"spe":0},"level":100,"moves":["trickroom","mysticalfire","psychic","drainingkiss"],"name":"Hatterene","nature":"Quiet","species":"Hatterene"},{"ability":"overcoat","evs":{"atk":28,"def":60,"hp":244,"spa":0,"spd":176,"spe":0},"gender":"F","happiness":160,"item":"heavydutyboots","ivs":{"atk":31,"def":31,"hp":31,"spa":31,"spd":31,"spe":0},"level":100,"moves":["uturn","foulplay","defog","roost"],"name":"Mandibuzz","nature":"Sassy","species":"Mandibuzz"},{"ability":"waterabsorb","evs":{"atk":0,"def":252,"hp":252,"spa":0,"spd":4,"spe":0},"happiness":160,"item":"leftovers","ivs":{"atk":0,"def":31,"hp":31,"spa":31,"spd":31,"spe":31},"level":100,"moves":["scald","toxic","stealthrock","protect"],"name":"Seismitoad","nature":"Bold","species":"Seismitoad"}],"p2":"11140","p2rating":1366,"p2team":[{"ability":"prankster","evs":{"atk":252,"def":0,"hp":252,"spa":0,"spd":4,"spe":0},"gender":"M","happiness":160,"item":"lightclay","ivs":{"atk":31,"def":31,"hp":31,"spa":31,"spd":31,"spe":31},"level":100,"moves":["thunderwave","lightscreen","reflect","spiritbreak"],"name":"Grimmsnarl","nature":"Adamant","species":"Grimmsnarl"},{"ability":"icescales","evs":{"atk":0,"def":0,"hp":0,"spa":252,"spd":252,"spe":4},"happiness":160,"item":"heavydutyboots","ivs":{"atk":0,"def":31,"hp":31,"spa":31,"spd":31,"spe":31},"level":100,"moves":["icebeam","quiverdance","attract","gigadrain"],"name":"Frosmoth","nature":"Modest","species":"Frosmoth"},{"ability":"stancechange","evs":{"atk":4,"def":252,"hp":252,"spa":0,"spd":0,"spe":0},"happiness":160,"item":"leftovers","ivs":{"atk":31,"def":31,"hp":31,"spa":31,"spd":31,"spe":31},"level":100,"moves":["swordsdance","ironhead","shadowsneak","kingsshield"],"name":"Aegislash","nature":"Impish","species":"Aegislash"},{"ability":"corrosion","evs":{"atk":0,"def":0,"hp":248,"spa":8,"spd":0,"spe":252},"gender":"F","happiness":160,"item":"leftovers","ivs":{"atk":0,"def":31,"hp":31,"spa":31,"spd":31,"spe":31},"level":100,"moves":["substitute","toxic","fireblast","protect"],"name":"Salazzle","nature":"Timid","species":"Salazzle"},{"ability":"hustle","evs":{"atk":252,"def":0,"hp":0,"spa":0,"spd":4,"spe":252},"gender":"N","happiness":160,"item":"choicescarf","ivs":{"atk":31,"def":31,"hp":31,"spa":31,"spd":31,"spe":31},"level":100,"moves":["boltbeak","earthquake","firefang","dragonclaw"],"name":"Dracozolt","nature":"Adamant","species":"Dracozolt"},{"ability":"overcoat","evs":{"atk":0,"def":252,"hp":252,"spa":0,"spd":4,"spe":0},"gender":"F","happiness":160,"item":"leftovers","ivs":{"atk":31,"def":31,"hp":31,"spa":31,"spd":31,"spe":31},"level":100,"moves":["uturn","toxic","roost","foulplay"],"name":"Mandibuzz","nature":"Impish","species":"Mandibuzz"}],"roomid":1020417,"score":[0,1],"seed":[32576,16534,8016,60815],"timestamp":"Sat Dec 28 2019 20:XX","turns":48,"winner":"11140","rated_battle":true,"average_rating":1354}