{"endType":"forfeit","format":"gen8ou","inputLog":[">version aa9f8c6b9cf4eca780a1296832ecd3b0009641e0",">version-origin 5e8529faaa5905c5f8e15eafaaefa806ee8c7d06",">start {\"formatid\":\"gen8ou\",\"seed\":[36357,30573,4798,62457],\"rated\":\"Rated battle\"}",">player p1 {\"\"name\":\"2850\",\"rating\":1349}",">player p2 {\"\"name\":\"59260\",\"rating\":1320}",">p1 team 6, 2, 3, 4, 5, 1",">p2 team 4, 2, 3, 1, 5, 6",">p1 switch 2",">p2 move pyroball",">p1 move scald",">p2 switch 2",">p1 switch 2",">p2 move thunder",">p1 move sleeppowder",">p2 move voltswitch",">p2 switch 3",">p1 move spikes",">p2 move stealthrock",">p1 move sleeppowder",">p2 switch 2",">p1 switch 2",">p2 move uturn",">p2 switch 5",">p1 move toxic",">p2 move psyshock",">p1 switch 3",">p2 move psyshock",">p1 move defog",">p2 switch 2",">p1 switch 2",">p2 move knockoff",">p1 move synthesis",">p2 switch 2",">p1 switch 2",">p2 move psyshock",">p1 move uturn",">p2 switch 5",">p1 switch 3",">p1 move scald",">p2 move uturn",">p2 switch 3",">p1 switch 2",">p2 move thunder",">p1 move spikes",">p2 switch 2",">p1 switch 4",">p2 move stealthrock",">p1 move swordsdance",">p2 move knockoff",">p1 move swordsdance",">p2 move knockoff",">p1 move closecombat",">p2 move knockoff",">p2 switch 3",">p1 move shadowsneak",">p2 move pyroball",">p2 switch 5",">p1 move shadowsneak",">p2 move shadowball",">p2 switch 4",">p1 move shadowsneak",">p2 move icepunch",">p2 switch 6",">p1 move shadowsneak",">p2 move earthquake"],"log":["|j|\u26062850","|j|\u260659260","|player|p1|2850|169|1349","|player|p2|59260|158|1320","|teamsize|p1|6","|teamsize|p2|6","|gametype|singles","|gen|8","|tier|[Gen 8] OU","|rated|","|rule|Sleep Clause Mod: Limit one foe put to sleep","|rule|Species Clause: Limit one of each Pok\u00e9mon","|rule|OHKO Clause: OHKO moves are banned","|rule|Evasion Moves Clause: Evasion moves are banned","|rule|Endless Battle Clause: Forcing endless battles is banned","|rule|HP Percentage Mod: HP is shown in percentages","|clearpoke","|poke|p1|Appletun, F|","|poke|p1|Toxapex, M|","|poke|p1|Corviknight, F|","|poke|p1|Aegislash, F|","|poke|p1|Kingler, F|","|poke|p1|Roserade, F|","|poke|p2|Conkeldurr, F|","|poke|p2|Galvantula, F|","|poke|p2|Ferrothorn, M|","|poke|p2|Cinderace, F|","|poke|p2|Gardevoir, F|","|poke|p2|Dugtrio, M|","|rule|Dynamax Clause: You cannot dynamax","|teampreview","|","|start","|switch|p1a: Roserade|Roserade, F|321\/321","|switch|p2a: Cinderace|Cinderace, F|301\/301","|turn|1","|","|switch|p1a: Toxapex|Toxapex, M|304\/304","|move|p2a: Cinderace|Pyro Ball|p1a: Toxapex","|-resisted|p1a: Toxapex","|-damage|p1a: Toxapex|247\/304","|","|-heal|p1a: Toxapex|266\/304|[from] item: Black Sludge","|upkeep","|turn|2","|","|switch|p2a: Galvantula|Galvantula, F|281\/281","|move|p1a: Toxapex|Scald|p2a: Galvantula","|-damage|p2a: Galvantula|203\/281","|","|-heal|p1a: Toxapex|285\/304|[from] item: Black Sludge","|upkeep","|turn|3","|","|switch|p1a: Roserade|Roserade, F|321\/321","|move|p2a: Galvantula|Thunder|p1a: Roserade","|-resisted|p1a: Roserade","|-damage|p1a: Roserade|247\/321","|-status|p1a: Roserade|par","|-damage|p2a: Galvantula|175\/281|[from] item: Life Orb","|","|-heal|p1a: Roserade|267\/321 par|[from] item: Black Sludge","|upkeep","|turn|4","|","|move|p2a: Galvantula|Volt Switch|p1a: Roserade","|-resisted|p1a: Roserade","|-damage|p1a: Roserade|222\/321 par","|-damage|p2a: Galvantula|147\/281|[from] item: Life Orb","|","|switch|p2a: Ferrothorn|Ferrothorn, M|352\/352","|move|p1a: Roserade|Sleep Powder|p2a: Ferrothorn","|-immune|p2a: Ferrothorn","|","|-heal|p1a: Roserade|242\/321 par|[from] item: Black Sludge","|upkeep","|turn|5","|","|move|p1a: Roserade|Spikes|p2a: Ferrothorn","|-sidestart59260|Spikes","|move|p2a: Ferrothorn|Stealth Rock|p1a: Roserade","|-sidestart2850|move: Stealth Rock","|","|-heal|p1a: Roserade|262\/321 par|[from] item: Black Sludge","|upkeep","|turn|6","|","|switch|p2a: Cinderace|Cinderace, F|301\/301","|-damage|p2a: Cinderace|264\/301|[from] Spikes","|move|p1a: Roserade|Sleep Powder|p2a: Cinderace|[miss]","|-miss|p1a: Roserade|p2a: Cinderace","|","|-heal|p1a: Roserade|282\/321 par|[from] item: Black Sludge","|upkeep","|turn|7","|","|switch|p1a: Toxapex|Toxapex, M|304\/304","|-damage|p1a: Toxapex|266\/304|[from] Stealth Rock","|move|p2a: Cinderace|U-turn|p1a: Toxapex","|-resisted|p1a: Toxapex","|-damage|p1a: Toxapex|244\/304","|","|switch|p2a: Gardevoir|Gardevoir, F|277\/277","|-damage|p2a: Gardevoir|243\/277|[from] Spikes","|-ability|p2a: Gardevoir|Regenerator|[from] ability: Trace|[of] p1a: Toxapex","|","|-heal|p1a: Toxapex|263\/304|[from] item: Black Sludge","|upkeep","|turn|8","|","|move|p2a: Gardevoir|Psyshock|p1a: Toxapex","|-supereffective|p1a: Toxapex","|-damage|p1a: Toxapex|119\/304","|move|p1a: Toxapex|Toxic|p2a: Gardevoir","|-status|p2a: Gardevoir|tox","|","|-heal|p1a: Toxapex|138\/304|[from] item: Black Sludge","|-damage|p2a: Gardevoir|226\/277 tox|[from] psn","|upkeep","|turn|9","|","|switch|p1a: Corviknight|Corviknight, F|400\/400","|-damage|p1a: Corviknight|350\/400|[from] Stealth Rock","|-ability|p1a: Corviknight|Pressure","|move|p2a: Gardevoir|Psyshock|p1a: Corviknight","|-resisted|p1a: Corviknight","|-damage|p1a: Corviknight|293\/400","|","|-heal|p1a: Corviknight|318\/400|[from] item: Leftovers","|-damage|p2a: Gardevoir|192\/277 tox|[from] psn","|upkeep","|turn|10","|","|switch|p2a: Ferrothorn|Ferrothorn, M|352\/352","|-damage|p2a: Ferrothorn|308\/352|[from] Spikes","|move|p1a: Corviknight|Defog|p2a: Ferrothorn","|-unboost|p2a: Ferrothorn|evasion|1","|-sideend59260|Spikes|[from] move: Defog|[of] p1a: Corviknight","|-sideend2850|Stealth Rock|[from] move: Defog|[of] p1a: Corviknight","|","|-heal|p1a: Corviknight|343\/400|[from] item: Leftovers","|-heal|p2a: Ferrothorn|330\/352|[from] item: Leftovers","|upkeep","|turn|11","|","|switch|p1a: Roserade|Roserade, F|282\/321","|move|p2a: Ferrothorn|Knock Off|p1a: Roserade","|-damage|p1a: Roserade|175\/321","|-enditem|p1a: Roserade|Black Sludge|[from] move: Knock Off|[of] p2a: Ferrothorn","|","|-heal|p2a: Ferrothorn|352\/352|[from] item: Leftovers","|upkeep","|turn|12","|","|switch|p2a: Gardevoir|Gardevoir, F|277\/277 tox","|-ability|p2a: Gardevoir|Natural Cure|[from] ability: Trace|[of] p1a: Roserade","|move|p1a: Roserade|Synthesis|p1a: Roserade","|-heal|p1a: Roserade|321\/321","|","|-damage|p2a: Gardevoir|260\/277 tox|[from] psn","|upkeep","|turn|13","|","|switch|p1a: Corviknight|Corviknight, F|343\/400","|-ability|p1a: Corviknight|Pressure","|move|p2a: Gardevoir|Psyshock|p1a: Corviknight","|-resisted|p1a: Corviknight","|-damage|p1a: Corviknight|289\/400","|","|-heal|p1a: Corviknight|314\/400|[from] item: Leftovers","|-damage|p2a: Gardevoir|226\/277 tox|[from] psn","|upkeep","|turn|14","|","|switch|p2a: Cinderace|Cinderace, F|264\/301","|move|p1a: Corviknight|U-turn|p2a: Cinderace","|-resisted|p2a: Cinderace","|-damage|p2a: Cinderace|232\/301","|","|switch|p1a: Toxapex|Toxapex, M|239\/304","|","|-heal|p1a: Toxapex|258\/304|[from] item: Black Sludge","|upkeep","|turn|15","|","|move|p2a: Cinderace|U-turn|p1a: Toxapex","|-resisted|p1a: Toxapex","|-damage|p1a: Toxapex|238\/304","|","|switch|p2a: Galvantula|Galvantula, F|147\/281","|move|p1a: Toxapex|Scald|p2a: Galvantula","|-damage|p2a: Galvantula|68\/281","|","|-heal|p1a: Toxapex|257\/304|[from] item: Black Sludge","|upkeep","|turn|16","|","|switch|p1a: Roserade|Roserade, F|321\/321","|move|p2a: Galvantula|Thunder|p1a: Roserade","|-resisted|p1a: Roserade","|-damage|p1a: Roserade|247\/321","|-damage|p2a: Galvantula|40\/281|[from] item: Life Orb","|","|upkeep","|turn|17","|","|switch|p2a: Ferrothorn|Ferrothorn, M|352\/352","|move|p1a: Roserade|Spikes|p2a: Ferrothorn","|-sidestart59260|Spikes","|","|upkeep","|turn|18","|","|switch|p1a: Aegislash|Aegislash, F|324\/324","|move|p2a: Ferrothorn|Stealth Rock|p1a: Aegislash","|-sidestart2850|move: Stealth Rock","|","|upkeep","|turn|19","|","|move|p1a: Aegislash|Swords Dance|p1a: Aegislash","|-boost|p1a: Aegislash|atk|2","|move|p2a: Ferrothorn|Knock Off|p1a: Aegislash","|-supereffective|p1a: Aegislash","|-damage|p1a: Aegislash|216\/324","|-enditem|p1a: Aegislash|Weakness Policy","|-boost|p1a: Aegislash|atk|2","|-boost|p1a: Aegislash|spa|2","|","|upkeep","|turn|20","|","|move|p1a: Aegislash|Swords Dance|p1a: Aegislash","|-boost|p1a: Aegislash|atk|2","|move|p2a: Ferrothorn|Knock Off|p1a: Aegislash","|-supereffective|p1a: Aegislash","|-damage|p1a: Aegislash|146\/324","|","|upkeep","|turn|21","|","|-formechange|p1a: Aegislash|Aegislash-Blade||[from] ability: Stance Change","|move|p1a: Aegislash|Close Combat|p2a: Ferrothorn","|-supereffective|p2a: Ferrothorn","|-damage|p2a: Ferrothorn|0 fnt","|-damage|p1a: Aegislash|106\/324|[from] ability: Iron Barbs|[of] p2a: Ferrothorn","|-unboost|p1a: Aegislash|def|1","|-unboost|p1a: Aegislash|spd|1","|faint|p2a: Ferrothorn","|","|upkeep","|","|switch|p2a: Cinderace|Cinderace, F|232\/301","|-damage|p2a: Cinderace|195\/301|[from] Spikes","|turn|22","|","|move|p1a: Aegislash|Shadow Sneak|p2a: Cinderace","|-damage|p2a: Cinderace|0 fnt","|faint|p2a: Cinderace","|","|upkeep","|","|switch|p2a: Gardevoir|Gardevoir, F|226\/277","|-damage|p2a: Gardevoir|192\/277|[from] Spikes","|turn|23","|","|move|p1a: Aegislash|Shadow Sneak|p2a: Gardevoir","|-supereffective|p2a: Gardevoir","|-damage|p2a: Gardevoir|0 fnt","|faint|p2a: Gardevoir","|","|upkeep","|","|switch|p2a: Conkeldurr|Conkeldurr, F|414\/414","|-damage|p2a: Conkeldurr|363\/414|[from] Spikes","|turn|24","|","|move|p1a: Aegislash|Shadow Sneak|p2a: Conkeldurr","|-damage|p2a: Conkeldurr|0 fnt","|faint|p2a: Conkeldurr","|","|upkeep","|","|switch|p2a: Dugtrio|Dugtrio, M|211\/211","|-damage|p2a: Dugtrio|185\/211|[from] Spikes","|turn|25","|","|move|p1a: Aegislash|Shadow Sneak|p2a: Dugtrio","|-damage|p2a: Dugtrio|0 fnt","|faint|p2a: Dugtrio","|","|upkeep","|-message|59260 forfeited.","|","|win|2850","|l|\u260659260","|raw|2850's rating: 1349 &rarr; <strong>1368<\/strong><br \/>(+19 for winning)","|raw|59260's rating: 1320 &rarr; <strong>1301<\/strong><br \/>(-19 for losing)",""],"p1":"2850","p1rating":1349,"p1team":[{"ability":"ripen","evs":{"atk":0,"def":252,"hp":252,"spa":4,"spd":0,"spe":0},"happiness":160,"item":"marangaberry","ivs":{"atk":0,"def":31,"hp":31,"spa":31,"spd":31,"spe":31},"level":100,"moves":["appleacid","recover","leechseed","dragonpulse"],"name":"Appletun","nature":"Bold","species":"Appletun"},{"ability":"regenerator","evs":{"atk":0,"def":252,"hp":252,"spa":0,"spd":4,"spe":0},"happiness":160,"item":"blacksludge","ivs":{"atk":31,"def":31,"hp":31,"spa":31,"spd":31,"spe":31},"level":100,"moves":["scald","recover","haze","toxic"],"name":"Toxapex","nature":"Bold","species":"Toxapex"},{"ability":"pressure","evs":{"atk":0,"def":76,"hp":252,"spa":0,"spd":180,"spe":0},"happiness":160,"item":"leftovers","ivs":{"atk":31,"def":31,"hp":31,"spa":31,"spd":31,"spe":31},"level":100,"moves":["bravebird","roost","defog","uturn"],"name":"Corviknight","nature":"Impish","species":"Corviknight"},{"ability":"stancechange","evs":{"atk":252,"def":0,"hp":252,"spa":0,"spd":4,"spe":0},"happiness":160,"item":"weaknesspolicy","ivs":{"atk":31,"def":31,"hp":31,"spa":31,"spd":31,"spe":31},"level":100,"moves":["swordsdance","shadowsneak","closecombat","ironhead"],"name":"Aegislash","nature":"Adamant","species":"Aegislash"},{"ability":"sheerforce","evs":{"atk":252,"def":4,"hp":0,"spa":0,"spd":0,"spe":252},"happiness":160,"item":"lifeorb","ivs":{"atk":31,"def":31,"hp":31,"spa":31,"spd":31,"spe":31},"level":100,"moves":["agility","swordsdance","liquidation","knockoff"],"name":"Kingler","nature":"Adamant","species":"Kingler"},{"ability":"naturalcure","evs":{"atk":0,"def":0,"hp":240,"spa":0,"spd":252,"spe":16},"happiness":160,"item":"blacksludge","ivs":{"atk":0,"def":31,"hp":31,"spa":31,"spd":31,"spe":31},"level":100,"moves":["synthesis","spikes","gigadrain","sleeppowder"],"name":"Roserade","nature":"Calm","species":"Roserade"}],"p2":"59260","p2rating":1320,"p2team":[{"ability":"guts","evs":{"atk":252,"def":0,"hp":252,"spa":0,"spd":4,"spe":0},"happiness":160,"item":"flameorb","ivs":{"atk":31,"def":31,"hp":31,"spa":31,"spd":31,"spe":31},"level":100,"moves":["drainpunch","machpunch","facade","icepunch"],"name":"Conkeldurr","nature":"Adamant","species":"Conkeldurr"},{"ability":"compoundeyes","evs":{"atk":0,"def":0,"hp":0,"spa":252,"spd":4,"spe":252},"happiness":160,"item":"lifeorb","ivs":{"atk":0,"def":31,"hp":31,"spa":31,"spd":31,"spe":31},"level":100,"moves":["gigadrain","thunder","stickyweb","voltswitch"],"name":"Galvantula","nature":"Timid","species":"Galvantula"},{"ability":"ironbarbs","evs":{"atk":4,"def":252,"hp":252,"spa":0,"spd":0,"spe":0},"happiness":160,"item":"leftovers","ivs":{"atk":31,"def":31,"hp":31,"spa":31,"spd":31,"spe":0},"level":100,"moves":["knockoff","powerwhip","stealthrock","gyroball"],"name":"Ferrothorn","nature":"Impish","species":"Ferrothorn"},{"ability":"blaze","evs":{"atk":252,"def":0,"hp":0,"spa":0,"spd":4,"spe":252},"happiness":160,"item":"choicescarf","ivs":{"atk":31,"def":31,"hp":31,"spa":31,"spd":31,"spe":31},"level":100,"moves":["pyroball","gunkshot","uturn","highjumpkick"],"name":"Cinderace","nature":"Jolly","species":"Cinderace"},{"ability":"trace","evs":{"atk":0,"def":0,"hp":0,"spa":252,"spd":4,"spe":252},"happiness":160,"item":"assaultvest","ivs":{"atk":0,"def":31,"hp":31,"spa":31,"spd":31,"spe":31},"level":100,"moves":["energyball","moonblast","shadowball","psyshock"],"name":"Gardevoir","nature":"Timid","species":"Gardevoir"},{"ability":"arenatrap","evs":{"atk":252,"def":0,"hp":0,"spa":0,"spd":4,"spe":252},"happiness":160,"item":"choicescarf","ivs":{"atk":31,"def":31,"hp":31,"spa":31,"spd":31,"spe":31},"level":100,"moves":["earthquake","facade","stoneedge","memento"],"name":"Dugtrio","nature":"Adamant","species":"Dugtrio"}],"roomid":1022699,"score":[6,1],"seed":[36357,30573,4798,62457],"timestamp":"Sat Dec 28 2019 02:XX","turns":25,"winner":"2850","rated_battle":true,"average_rating":1334}