{"endType":"forfeit","format":"gen8ou","inputLog":[">version aa9f8c6b9cf4eca780a1296832ecd3b0009641e0",">version-origin 5e8529faaa5905c5f8e15eafaaefa806ee8c7d06",">start {\"formatid\":\"gen8ou\",\"seed\":[36532,16397,25841,45609],\"rated\":\"Rated battle\"}",">player p1 {\"\"name\":\"145462\",\"rating\":1439}",">player p2 {\"\"name\":\"37103\",\"rating\":1403}",">p1 team 5, 2, 3, 4, 1, 6",">p2 team 5, 2, 3, 4, 1, 6",">p1 switch 4",">p2 move uturn",">p2 switch 3",">p1 switch 3",">p2 move substitute",">p1 move rockblast",">p2 move willowisp",">p1 move rockblast",">p2 move disable",">p1 move crunch",">p2 move hex",">p1 move crunch",">p2 switch 5",">p1 switch 4",">p2 move uturn",">p2 switch 6",">p1 move toxicspikes",">p2 move stealthrock",">p1 move toxicspikes",">p2 move earthpower",">p1 switch 6",">p2 move hydropump",">p1 move roost",">p2 move earthpower",">p1 switch 3",">p2 move hydropump",">p1 move scald",">p2 move grassknot",">p1 move wish",">p2 move earthpower",">p1 move protect",">p2 switch 6",">p1 move scald",">p2 move uturn",">p2 switch 2",">p1 switch 3",">p2 move spikes",">p1 move defog",">p2 move leechseed",">p1 move taunt",">p2 move spikes",">p1 switch 6",">p2 switch 6",">p1 switch 3",">p2 move stealthrock",">p1 move scald",">p2 move earthpower",">p2 switch 6",">p1 switch 6",">p2 move leechseed",">p1 move defog",">p2 switch 5",">p1 move taunt",">p2 move substitute",">p1 switch 4",">p2 move hex",">p1 move rockblast",">p2 move hex",">p1 move crunch",">p2 move hex",">p1 move crunch",">p2 move substitute",">p1 move crunch",">p2 switch 5",">p1 switch 2",">p1 switch 3",">p2 move leechseed",">p1 move toxicspikes",">p2 switch 2",">p1 move toxicspikes",">p2 switch 2",">p1 switch 4",">p2 move spikes",">p1 move taunt",">p2 move leechseed",">p1 switch 6",">p2 switch 4",">p1 move wish",">p2 move swordsdance",">p1 move haze",">p2 move stoneedge",">p1 switch 5",">p1 move suckerpunch",">p2 move liquidation",">p1 switch 4",">p2 switch 2",">p1 move scald",">p2 move scald",">p1 move recover",">p2 move scald",">p1 move scald",">p2 move scald",">p1 move scald",">p2 move roost",">p1 switch 6",">p2 move hurricane",">p1 move taunt",">p2 move roost",">p1 move roost",">p2 switch 4",">p1 move taunt",">p2 switch 3",">p1 move bravebird",">p2 move flareblitz",">p1 switch 6",">p1 move scald",">p2 switch 3"],"log":["|j|\u2606145462","|j|\u260637103","|player|p1|145462|lucas|1439","|player|p2|37103|169|1403","|teamsize|p1|6","|teamsize|p2|6","|gametype|singles","|gen|8","|tier|[Gen 8] OU","|rated|","|rule|Sleep Clause Mod: Limit one foe put to sleep","|rule|Species Clause: Limit one of each Pok\u00e9mon","|rule|OHKO Clause: OHKO moves are banned","|rule|Evasion Moves Clause: Evasion moves are banned","|rule|Endless Battle Clause: Forcing endless battles is banned","|rule|HP Percentage Mod: HP is shown in percentages","|clearpoke","|poke|p1|Dugtrio, M|","|poke|p1|Diglett, F|","|poke|p1|Tyranitar, M|","|poke|p1|Vaporeon, F|","|poke|p1|Toxapex, M|","|poke|p1|Corviknight, F|","|poke|p2|Pelipper, M|","|poke|p2|Ferrothorn, F|","|poke|p2|Dragapult, F|","|poke|p2|Drednaw, M|","|poke|p2|Darmanitan-Galar, F|","|poke|p2|Seismitoad, F|","|rule|Dynamax Clause: You cannot dynamax","|teampreview","|","|start","|switch|p1a: Toxapex|Toxapex, M|304\/304","|switch|p2a: Darmanitan|Darmanitan-Galar, F|351\/351","|turn|1","|","|switch|p1a: Vaporeon|Vaporeon, F|464\/464","|move|p2a: Darmanitan|U-turn|p1a: Vaporeon","|-damage|p1a: Vaporeon|332\/464","|","|switch|p2a: Dragapult|Dragapult, F|341\/341","|","|-heal|p1a: Vaporeon|361\/464|[from] item: Leftovers","|upkeep","|turn|2","|","|switch|p1a: Tyranitar|Tyranitar, M|404\/404","|-weather|Sandstorm|[from] ability: Sand Stream|[of] p1a: Tyranitar","|move|p2a: Dragapult|Substitute|p2a: Dragapult","|-start|p2a: Dragapult|Substitute","|-damage|p2a: Dragapult|256\/341","|","|-weather|Sandstorm|[upkeep]","|-damage|p2a: Dragapult|235\/341|[from] Sandstorm","|-heal|p2a: Dragapult|256\/341|[from] item: Leftovers","|upkeep","|turn|3","|","|move|p2a: Dragapult|Will-O-Wisp|p1a: Tyranitar","|-status|p1a: Tyranitar|brn","|move|p1a: Tyranitar|Rock Blast|p2a: Dragapult|[miss]","|-miss|p1a: Tyranitar|p2a: Dragapult","|","|-weather|Sandstorm|[upkeep]","|-damage|p2a: Dragapult|235\/341|[from] Sandstorm","|-heal|p2a: Dragapult|256\/341|[from] item: Leftovers","|-damage|p1a: Tyranitar|379\/404 brn|[from] brn","|upkeep","|turn|4","|","|move|p2a: Dragapult|Disable|p1a: Tyranitar","|-start|p1a: Tyranitar|Disable|Rock Blast","|cant|p1a: Tyranitar|Disable|Rock Blast","|","|-weather|Sandstorm|[upkeep]","|-damage|p2a: Dragapult|235\/341|[from] Sandstorm","|-heal|p2a: Dragapult|256\/341|[from] item: Leftovers","|-damage|p1a: Tyranitar|354\/404 brn|[from] brn","|upkeep","|turn|5","|","|move|p2a: Dragapult|Hex|p1a: Tyranitar","|-resisted|p1a: Tyranitar","|-damage|p1a: Tyranitar|314\/404 brn","|move|p1a: Tyranitar|Crunch|p2a: Dragapult","|-supereffective|p2a: Dragapult","|-end|p2a: Dragapult|Substitute","|","|-weather|Sandstorm|[upkeep]","|-damage|p2a: Dragapult|235\/341|[from] Sandstorm","|-heal|p2a: Dragapult|256\/341|[from] item: Leftovers","|-damage|p1a: Tyranitar|289\/404 brn|[from] brn","|upkeep","|turn|6","|","|switch|p2a: Pelipper|Pelipper, M|323\/323","|-weather|RainDance|[from] ability: Drizzle|[of] p2a: Pelipper","|move|p1a: Tyranitar|Crunch|p2a: Pelipper","|-damage|p2a: Pelipper|266\/323","|","|-weather|RainDance|[upkeep]","|-damage|p1a: Tyranitar|264\/404 brn|[from] brn","|upkeep","|turn|7","|","|switch|p1a: Toxapex|Toxapex, M|304\/304","|move|p2a: Pelipper|U-turn|p1a: Toxapex","|-resisted|p1a: Toxapex","|-damage|p1a: Toxapex|294\/304","|","|switch|p2a: Seismitoad|Seismitoad, F|351\/351","|","|-weather|RainDance|[upkeep]","|upkeep","|turn|8","|","|move|p2a: Seismitoad|Stealth Rock|p1a: Toxapex","|-sidestart145462|move: Stealth Rock","|move|p1a: Toxapex|Toxic Spikes|p2a: Seismitoad","|-sidestart37103|move: Toxic Spikes","|","|-weather|RainDance|[upkeep]","|upkeep","|turn|9","|","|move|p2a: Seismitoad|Earth Power|p1a: Toxapex","|-supereffective|p1a: Toxapex","|-damage|p1a: Toxapex|104\/304","|-damage|p2a: Seismitoad|316\/351|[from] item: Life Orb","|move|p1a: Toxapex|Toxic Spikes|p2a: Seismitoad","|-sidestart37103|move: Toxic Spikes","|","|-weather|RainDance|[upkeep]","|upkeep","|turn|10","|","|switch|p1a: Corviknight|Corviknight, F|400\/400","|-damage|p1a: Corviknight|350\/400|[from] Stealth Rock","|-ability|p1a: Corviknight|Pressure","|move|p2a: Seismitoad|Hydro Pump|p1a: Corviknight","|-damage|p1a: Corviknight|93\/400","|-damage|p2a: Seismitoad|281\/351|[from] item: Life Orb","|","|-weather|RainDance|[upkeep]","|-heal|p1a: Corviknight|118\/400|[from] item: Leftovers","|upkeep","|turn|11","|","|move|p2a: Seismitoad|Earth Power|p1a: Corviknight","|-immune|p1a: Corviknight","|move|p1a: Corviknight|Roost|p1a: Corviknight","|-heal|p1a: Corviknight|318\/400","|-singleturn|p1a: Corviknight|move: Roost","|","|-weather|RainDance|[upkeep]","|-heal|p1a: Corviknight|343\/400|[from] item: Leftovers","|upkeep","|turn|12","|","|switch|p1a: Vaporeon|Vaporeon, F|361\/464","|-damage|p1a: Vaporeon|303\/464|[from] Stealth Rock","|move|p2a: Seismitoad|Hydro Pump|p1a: Vaporeon","|-heal|p1a: Vaporeon|419\/464|[from] ability: Water Absorb|[of] p2a: Seismitoad","|","|-weather|RainDance|[upkeep]","|-heal|p1a: Vaporeon|448\/464|[from] item: Leftovers","|upkeep","|turn|13","|","|move|p2a: Seismitoad|Grass Knot|p1a: Vaporeon","|-supereffective|p1a: Vaporeon","|-damage|p1a: Vaporeon|292\/464","|-damage|p2a: Seismitoad|246\/351|[from] item: Life Orb","|move|p1a: Vaporeon|Scald|p2a: Seismitoad","|-damage|p2a: Seismitoad|41\/351","|","|-weather|none","|-heal|p1a: Vaporeon|321\/464|[from] item: Leftovers","|upkeep","|turn|14","|","|move|p2a: Seismitoad|Earth Power|p1a: Vaporeon","|-damage|p1a: Vaporeon|146\/464","|-damage|p2a: Seismitoad|6\/351|[from] item: Life Orb","|move|p1a: Vaporeon|Wish|p1a: Vaporeon","|","|-heal|p1a: Vaporeon|175\/464|[from] item: Leftovers","|upkeep","|turn|15","|","|switch|p2a: Pelipper|Pelipper, M|266\/323","|-weather|RainDance|[from] ability: Drizzle|[of] p2a: Pelipper","|move|p1a: Vaporeon|Protect||[still]","|-fail|p1a: Vaporeon","|","|-weather|RainDance|[upkeep]","|-heal|p1a: Vaporeon|407\/464|[from] move: Wish|[wisher] Vaporeon","|-heal|p1a: Vaporeon|436\/464|[from] item: Leftovers","|upkeep","|turn|16","|","|move|p2a: Pelipper|U-turn|p1a: Vaporeon","|-damage|p1a: Vaporeon|409\/464","|","|switch|p2a: Ferrothorn|Ferrothorn, F|352\/352","|move|p1a: Vaporeon|Scald|p2a: Ferrothorn","|-resisted|p2a: Ferrothorn","|-damage|p2a: Ferrothorn|300\/352","|-status|p2a: Ferrothorn|brn","|","|-weather|RainDance|[upkeep]","|-heal|p1a: Vaporeon|438\/464|[from] item: Leftovers","|-heal|p2a: Ferrothorn|322\/352 brn|[from] item: Leftovers","|-damage|p2a: Ferrothorn|300\/352 brn|[from] brn","|upkeep","|turn|17","|","|switch|p1a: Corviknight|Corviknight, F|343\/400","|-damage|p1a: Corviknight|293\/400|[from] Stealth Rock","|-ability|p1a: Corviknight|Pressure","|move|p2a: Ferrothorn|Spikes|p1a: Corviknight","|-sidestart145462|Spikes","|","|-weather|RainDance|[upkeep]","|-heal|p1a: Corviknight|318\/400|[from] item: Leftovers","|-heal|p2a: Ferrothorn|322\/352 brn|[from] item: Leftovers","|-damage|p2a: Ferrothorn|300\/352 brn|[from] brn","|upkeep","|turn|18","|","|move|p1a: Corviknight|Defog|p2a: Ferrothorn","|-unboost|p2a: Ferrothorn|evasion|1","|-sideend37103|Toxic Spikes|[from] move: Defog|[of] p1a: Corviknight","|-sideend145462|Spikes|[from] move: Defog|[of] p1a: Corviknight","|-sideend145462|Stealth Rock|[from] move: Defog|[of] p1a: Corviknight","|move|p2a: Ferrothorn|Leech Seed|p1a: Corviknight|[miss]","|-miss|p2a: Ferrothorn|p1a: Corviknight","|","|-weather|RainDance|[upkeep]","|-heal|p1a: Corviknight|343\/400|[from] item: Leftovers","|-heal|p2a: Ferrothorn|322\/352 brn|[from] item: Leftovers","|-damage|p2a: Ferrothorn|300\/352 brn|[from] brn","|upkeep","|turn|19","|","|move|p1a: Corviknight|Taunt|p2a: Ferrothorn","|-start|p2a: Ferrothorn|move: Taunt","|cant|p2a: Ferrothorn|move: Taunt|Spikes","|","|-weather|RainDance|[upkeep]","|-heal|p1a: Corviknight|368\/400|[from] item: Leftovers","|-heal|p2a: Ferrothorn|322\/352 brn|[from] item: Leftovers","|-damage|p2a: Ferrothorn|300\/352 brn|[from] brn","|upkeep","|turn|20","|","|switch|p1a: Toxapex|Toxapex, M|205\/304","|switch|p2a: Seismitoad|Seismitoad, F|6\/351","|","|-weather|RainDance|[upkeep]","|upkeep","|turn|21","|","|switch|p1a: Vaporeon|Vaporeon, F|438\/464","|move|p2a: Seismitoad|Stealth Rock|p1a: Vaporeon","|-sidestart145462|move: Stealth Rock","|","|-weather|RainDance|[upkeep]","|-heal|p1a: Vaporeon|464\/464|[from] item: Leftovers","|upkeep","|turn|22","|","|move|p2a: Seismitoad|Earth Power|p1a: Vaporeon","|-damage|p1a: Vaporeon|269\/464","|-damage|p2a: Seismitoad|0 fnt|[from] item: Life Orb","|faint|p2a: Seismitoad","|move|p1a: Vaporeon|Scald|p2: Seismitoad|[notarget]","|-fail|p1a: Vaporeon","|","|-weather|none","|-heal|p1a: Vaporeon|298\/464|[from] item: Leftovers","|upkeep","|","|switch|p2a: Ferrothorn|Ferrothorn, F|300\/352 brn","|turn|23","|","|switch|p1a: Corviknight|Corviknight, F|368\/400","|-damage|p1a: Corviknight|318\/400|[from] Stealth Rock","|-ability|p1a: Corviknight|Pressure","|move|p2a: Ferrothorn|Leech Seed|p1a: Corviknight","|-start|p1a: Corviknight|move: Leech Seed","|","|-heal|p1a: Corviknight|343\/400|[from] item: Leftovers","|-heal|p2a: Ferrothorn|322\/352 brn|[from] item: Leftovers","|-damage|p1a: Corviknight|293\/400|[from] Leech Seed|[of] p2a: Ferrothorn","|-heal|p2a: Ferrothorn|352\/352 brn|[silent]","|-damage|p2a: Ferrothorn|330\/352 brn|[from] brn","|upkeep","|turn|24","|","|switch|p2a: Dragapult|Dragapult, F|256\/341","|move|p1a: Corviknight|Defog|p2a: Dragapult","|-unboost|p2a: Dragapult|evasion|1","|-sideend145462|Stealth Rock|[from] move: Defog|[of] p1a: Corviknight","|","|-heal|p2a: Dragapult|277\/341|[from] item: Leftovers","|-heal|p1a: Corviknight|318\/400|[from] item: Leftovers","|-damage|p1a: Corviknight|268\/400|[from] Leech Seed|[of] p2a: Dragapult","|-heal|p2a: Dragapult|327\/341|[silent]","|upkeep","|turn|25","|","|move|p2a: Dragapult|Substitute|p2a: Dragapult","|-start|p2a: Dragapult|Substitute","|-damage|p2a: Dragapult|242\/341","|move|p1a: Corviknight|Taunt|p2a: Dragapult","|-start|p2a: Dragapult|move: Taunt","|","|-heal|p2a: Dragapult|263\/341|[from] item: Leftovers","|-heal|p1a: Corviknight|293\/400|[from] item: Leftovers","|-damage|p1a: Corviknight|243\/400|[from] Leech Seed|[of] p2a: Dragapult","|-heal|p2a: Dragapult|313\/341|[silent]","|upkeep","|turn|26","|","|switch|p1a: Tyranitar|Tyranitar, M|264\/404 brn","|-weather|Sandstorm|[from] ability: Sand Stream|[of] p1a: Tyranitar","|move|p2a: Dragapult|Hex|p1a: Tyranitar","|-resisted|p1a: Tyranitar","|-damage|p1a: Tyranitar|224\/404 brn","|","|-weather|Sandstorm|[upkeep]","|-damage|p2a: Dragapult|292\/341|[from] Sandstorm","|-heal|p2a: Dragapult|313\/341|[from] item: Leftovers","|-damage|p1a: Tyranitar|199\/404 brn|[from] brn","|upkeep","|turn|27","|","|move|p2a: Dragapult|Hex|p1a: Tyranitar","|-resisted|p1a: Tyranitar","|-damage|p1a: Tyranitar|161\/404 brn","|move|p1a: Tyranitar|Rock Blast|p2a: Dragapult","|-crit|p2a: Dragapult","|-activate|p2a: Dragapult|move: Substitute|[damage]","|-activate|p2a: Dragapult|move: Substitute|[damage]","|-hitcount|p2a: Dragapult|2","|","|-weather|Sandstorm|[upkeep]","|-damage|p2a: Dragapult|292\/341|[from] Sandstorm","|-heal|p2a: Dragapult|313\/341|[from] item: Leftovers","|-damage|p1a: Tyranitar|136\/404 brn|[from] brn","|upkeep","|turn|28","|","|move|p2a: Dragapult|Hex|p1a: Tyranitar","|-resisted|p1a: Tyranitar","|-damage|p1a: Tyranitar|96\/404 brn","|move|p1a: Tyranitar|Crunch|p2a: Dragapult","|-supereffective|p2a: Dragapult","|-end|p2a: Dragapult|Substitute","|","|-weather|Sandstorm|[upkeep]","|-damage|p2a: Dragapult|292\/341|[from] Sandstorm","|-heal|p2a: Dragapult|313\/341|[from] item: Leftovers","|-damage|p1a: Tyranitar|71\/404 brn|[from] brn","|-end|p2a: Dragapult|move: Taunt","|upkeep","|turn|29","|","|move|p2a: Dragapult|Substitute|p2a: Dragapult","|-start|p2a: Dragapult|Substitute","|-damage|p2a: Dragapult|228\/341","|move|p1a: Tyranitar|Crunch|p2a: Dragapult","|-supereffective|p2a: Dragapult","|-end|p2a: Dragapult|Substitute","|","|-weather|Sandstorm|[upkeep]","|-damage|p2a: Dragapult|207\/341|[from] Sandstorm","|-heal|p2a: Dragapult|228\/341|[from] item: Leftovers","|-damage|p1a: Tyranitar|46\/404 brn|[from] brn","|upkeep","|turn|30","|","|switch|p2a: Ferrothorn|Ferrothorn, F|330\/352 brn","|move|p1a: Tyranitar|Crunch|p2a: Ferrothorn","|-damage|p2a: Ferrothorn|273\/352 brn","|-damage|p1a: Tyranitar|0 fnt|[from] ability: Iron Barbs|[of] p2a: Ferrothorn","|-unboost|p2a: Ferrothorn|def|1","|faint|p1a: Tyranitar","|","|-weather|none","|-heal|p2a: Ferrothorn|295\/352 brn|[from] item: Leftovers","|-damage|p2a: Ferrothorn|273\/352 brn|[from] brn","|upkeep","|","|switch|p1a: Diglett|Diglett, F|161\/161","|turn|31","|","|switch|p1a: Toxapex|Toxapex, M|304\/304","|move|p2a: Ferrothorn|Leech Seed|p1a: Toxapex","|-start|p1a: Toxapex|move: Leech Seed","|","|-heal|p2a: Ferrothorn|295\/352 brn|[from] item: Leftovers","|-damage|p1a: Toxapex|266\/304|[from] Leech Seed|[of] p2a: Ferrothorn","|-heal|p2a: Ferrothorn|333\/352 brn|[silent]","|-damage|p2a: Ferrothorn|311\/352 brn|[from] brn","|upkeep","|turn|32","|","|switch|p2a: Pelipper|Pelipper, M|266\/323","|-weather|RainDance|[from] ability: Drizzle|[of] p2a: Pelipper","|move|p1a: Toxapex|Toxic Spikes|p2a: Pelipper","|-sidestart37103|move: Toxic Spikes","|","|-weather|RainDance|[upkeep]","|-damage|p1a: Toxapex|228\/304|[from] Leech Seed|[of] p2a: Pelipper","|-heal|p2a: Pelipper|304\/323|[silent]","|upkeep","|turn|33","|","|switch|p2a: Ferrothorn|Ferrothorn, F|311\/352 brn","|move|p1a: Toxapex|Toxic Spikes|p2a: Ferrothorn","|-sidestart37103|move: Toxic Spikes","|","|-weather|RainDance|[upkeep]","|-heal|p2a: Ferrothorn|333\/352 brn|[from] item: Leftovers","|-damage|p1a: Toxapex|190\/304|[from] Leech Seed|[of] p2a: Ferrothorn","|-heal|p2a: Ferrothorn|352\/352 brn|[silent]","|-damage|p2a: Ferrothorn|330\/352 brn|[from] brn","|upkeep","|turn|34","|","|switch|p1a: Corviknight|Corviknight, F|243\/400","|-ability|p1a: Corviknight|Pressure","|move|p2a: Ferrothorn|Spikes|p1a: Corviknight","|-sidestart145462|Spikes","|","|-weather|RainDance|[upkeep]","|-heal|p1a: Corviknight|268\/400|[from] item: Leftovers","|-heal|p2a: Ferrothorn|352\/352 brn|[from] item: Leftovers","|-damage|p2a: Ferrothorn|330\/352 brn|[from] brn","|upkeep","|turn|35","|","|move|p1a: Corviknight|Taunt|p2a: Ferrothorn","|-start|p2a: Ferrothorn|move: Taunt","|cant|p2a: Ferrothorn|move: Taunt|Leech Seed","|","|-weather|RainDance|[upkeep]","|-heal|p1a: Corviknight|293\/400|[from] item: Leftovers","|-heal|p2a: Ferrothorn|352\/352 brn|[from] item: Leftovers","|-damage|p2a: Ferrothorn|330\/352 brn|[from] brn","|upkeep","|turn|36","|","|switch|p1a: Vaporeon|Vaporeon, F|298\/464","|-damage|p1a: Vaporeon|240\/464|[from] Spikes","|switch|p2a: Drednaw|Drednaw, M|321\/321","|-status|p2a: Drednaw|tox","|","|-weather|RainDance|[upkeep]","|-heal|p1a: Vaporeon|269\/464|[from] item: Leftovers","|-damage|p2a: Drednaw|301\/321 tox|[from] psn","|upkeep","|turn|37","|","|move|p2a: Drednaw|Swords Dance|p2a: Drednaw","|-boost|p2a: Drednaw|atk|2","|move|p1a: Vaporeon|Wish|p1a: Vaporeon","|","|-weather|RainDance|[upkeep]","|-heal|p1a: Vaporeon|298\/464|[from] item: Leftovers","|-damage|p2a: Drednaw|261\/321 tox|[from] psn","|upkeep","|turn|38","|","|move|p2a: Drednaw|Stone Edge|p1a: Vaporeon","|-damage|p1a: Vaporeon|0 fnt","|-damage|p2a: Drednaw|229\/321 tox|[from] item: Life Orb","|faint|p1a: Vaporeon","|","|-weather|RainDance|[upkeep]","|-damage|p2a: Drednaw|169\/321 tox|[from] psn","|upkeep","|","|switch|p1a: Dugtrio|Dugtrio, M|211\/211","|-damage|p1a: Dugtrio|185\/211|[from] Spikes","|turn|39","|","|move|p1a: Dugtrio|Sucker Punch|p2a: Drednaw","|-damage|p2a: Drednaw|79\/321 tox","|move|p2a: Drednaw|Liquidation|p1a: Dugtrio","|-supereffective|p1a: Dugtrio","|-damage|p1a: Dugtrio|0 fnt","|-damage|p2a: Drednaw|47\/321 tox|[from] item: Life Orb","|faint|p1a: Dugtrio","|","|-weather|none","|-damage|p2a: Drednaw|0 fnt|[from] psn","|faint|p2a: Drednaw","|upkeep","|","|switch|p1a: Toxapex|Toxapex, M|291\/304","|switch|p2a: Pelipper|Pelipper, M|304\/323","|-weather|RainDance|[from] ability: Drizzle|[of] p2a: Pelipper","|-damage|p1a: Toxapex|253\/304|[from] Spikes","|turn|40","|","|move|p2a: Pelipper|Scald|p1a: Toxapex","|-resisted|p1a: Toxapex","|-damage|p1a: Toxapex|214\/304","|move|p1a: Toxapex|Scald|p2a: Pelipper","|-resisted|p2a: Pelipper","|-damage|p2a: Pelipper|245\/323","|-status|p2a: Pelipper|brn","|","|-weather|RainDance|[upkeep]","|-damage|p2a: Pelipper|225\/323 brn|[from] brn","|upkeep","|turn|41","|","|move|p2a: Pelipper|Scald|p1a: Toxapex","|-resisted|p1a: Toxapex","|-damage|p1a: Toxapex|172\/304","|move|p1a: Toxapex|Recover|p1a: Toxapex","|-heal|p1a: Toxapex|304\/304","|","|-weather|RainDance|[upkeep]","|-damage|p2a: Pelipper|205\/323 brn|[from] brn","|upkeep","|turn|42","|","|move|p2a: Pelipper|Scald|p1a: Toxapex","|-resisted|p1a: Toxapex","|-damage|p1a: Toxapex|262\/304","|-status|p1a: Toxapex|brn","|move|p1a: Toxapex|Scald|p2a: Pelipper","|-resisted|p2a: Pelipper","|-crit|p2a: Pelipper","|-damage|p2a: Pelipper|121\/323 brn","|","|-weather|RainDance|[upkeep]","|-damage|p2a: Pelipper|101\/323 brn|[from] brn","|-damage|p1a: Toxapex|243\/304 brn|[from] brn","|upkeep","|turn|43","|","|move|p2a: Pelipper|Roost|p2a: Pelipper","|-heal|p2a: Pelipper|263\/323 brn","|-singleturn|p2a: Pelipper|move: Roost","|move|p1a: Toxapex|Scald|p2a: Pelipper","|-resisted|p2a: Pelipper","|-damage|p2a: Pelipper|206\/323 brn","|","|-weather|RainDance|[upkeep]","|-damage|p2a: Pelipper|186\/323 brn|[from] brn","|-damage|p1a: Toxapex|224\/304 brn|[from] brn","|upkeep","|turn|44","|","|switch|p1a: Corviknight|Corviknight, F|293\/400","|-ability|p1a: Corviknight|Pressure","|move|p2a: Pelipper|Hurricane|p1a: Corviknight","|-resisted|p1a: Corviknight","|-damage|p1a: Corviknight|244\/400","|","|-weather|RainDance|[upkeep]","|-heal|p1a: Corviknight|269\/400|[from] item: Leftovers","|-damage|p2a: Pelipper|166\/323 brn|[from] brn","|upkeep","|turn|45","|","|move|p1a: Corviknight|Taunt|p2a: Pelipper","|-start|p2a: Pelipper|move: Taunt","|cant|p2a: Pelipper|move: Taunt|Roost","|","|-weather|RainDance|[upkeep]","|-heal|p1a: Corviknight|294\/400|[from] item: Leftovers","|-damage|p2a: Pelipper|146\/323 brn|[from] brn","|upkeep","|turn|46","|","|switch|p2a: Ferrothorn|Ferrothorn, F|330\/352 brn","|move|p1a: Corviknight|Roost|p1a: Corviknight","|-heal|p1a: Corviknight|400\/400","|-singleturn|p1a: Corviknight|move: Roost","|","|-weather|RainDance|[upkeep]","|-heal|p2a: Ferrothorn|352\/352 brn|[from] item: Leftovers","|-damage|p2a: Ferrothorn|330\/352 brn|[from] brn","|upkeep","|turn|47","|","|switch|p2a: Darmanitan|Darmanitan-Galar, F|351\/351","|-status|p2a: Darmanitan|tox","|move|p1a: Corviknight|Taunt|p2a: Darmanitan","|-start|p2a: Darmanitan|move: Taunt","|","|-weather|none","|-damage|p2a: Darmanitan|330\/351 tox|[from] psn","|upkeep","|turn|48","|","|move|p2a: Darmanitan|Flare Blitz|p1a: Corviknight","|-supereffective|p1a: Corviknight","|-damage|p1a: Corviknight|0 fnt","|-damage|p2a: Darmanitan|198\/351 tox|[from] Recoil","|faint|p1a: Corviknight","|","|-damage|p2a: Darmanitan|156\/351 tox|[from] psn","|upkeep","|","|switch|p1a: Toxapex|Toxapex, M|304\/304 brn","|-damage|p1a: Toxapex|266\/304 brn|[from] Spikes","|turn|49","|","|switch|p2a: Ferrothorn|Ferrothorn, F|330\/352 brn","|move|p1a: Toxapex|Scald|p2a: Ferrothorn","|-resisted|p2a: Ferrothorn","|-damage|p2a: Ferrothorn|309\/352 brn","|","|-heal|p2a: Ferrothorn|331\/352 brn|[from] item: Leftovers","|-damage|p1a: Toxapex|247\/304 brn|[from] brn","|-damage|p2a: Ferrothorn|309\/352 brn|[from] brn","|upkeep","|turn|50","|-message|145462 forfeited.","|","|win|37103","|l|\u2606145462","|raw|145462's rating: 1460 &rarr; <strong>1437<\/strong><br \/>(-23 for losing)","|raw|37103's rating: 1403 &rarr; <strong>1426<\/strong><br \/>(+23 for winning)",""],"p1":"145462","p1rating":1439,"p1team":[{"ability":"arenatrap","evs":{"atk":252,"def":0,"hp":0,"spa":0,"spd":4,"spe":252},"happiness":160,"item":"focussash","ivs":{"atk":31,"def":31,"hp":31,"spa":31,"spd":31,"spe":31},"level":100,"moves":["earthquake","stoneedge","suckerpunch","reversal"],"name":"Dugtrio","nature":"Adamant","species":"Dugtrio"},{"ability":"arenatrap","evs":{"atk":252,"def":0,"hp":0,"spa":0,"spd":4,"spe":252},"happiness":160,"item":"focussash","ivs":{"atk":31,"def":31,"hp":31,"spa":31,"spd":31,"spe":31},"level":100,"moves":["earthquake","screech","rockslide","reversal"],"name":"Diglett","nature":"Adamant","species":"Diglett"},{"ability":"sandstream","evs":{"atk":252,"def":0,"hp":252,"spa":0,"spd":4,"spe":0},"happiness":160,"item":"assaultvest","ivs":{"atk":31,"def":31,"hp":31,"spa":31,"spd":31,"spe":31},"level":100,"moves":["avalanche","rockblast","crunch","heavyslam"],"name":"Tyranitar","nature":"Adamant","species":"Tyranitar"},{"ability":"waterabsorb","evs":{"atk":0,"def":252,"hp":252,"spa":0,"spd":4,"spe":0},"happiness":160,"item":"leftovers","ivs":{"atk":0,"def":31,"hp":31,"spa":31,"spd":31,"spe":31},"level":100,"moves":["scald","wish","protect","haze"],"name":"Vaporeon","nature":"Bold","species":"Vaporeon"},{"ability":"regenerator","evs":{"atk":0,"def":0,"hp":252,"spa":4,"spd":252,"spe":0},"happiness":160,"item":"shedshell","ivs":{"atk":0,"def":31,"hp":31,"spa":31,"spd":31,"spe":31},"level":100,"moves":["scald","toxic","toxicspikes","recover"],"name":"Toxapex","nature":"Calm","species":"Toxapex"},{"ability":"pressure","evs":{"atk":0,"def":0,"hp":252,"spa":0,"spd":232,"spe":24},"happiness":160,"item":"leftovers","ivs":{"atk":31,"def":31,"hp":31,"spa":31,"spd":31,"spe":30},"level":100,"moves":["bravebird","taunt","roost","defog"],"name":"Corviknight","nature":"Careful","species":"Corviknight"}],"p2":"37103","p2rating":1403,"p2team":[{"ability":"drizzle","evs":{"atk":0,"def":252,"hp":248,"spa":8,"spd":0,"spe":0},"happiness":160,"item":"damprock","ivs":{"atk":31,"def":31,"hp":31,"spa":31,"spd":31,"spe":31},"level":100,"moves":["hurricane","scald","roost","uturn"],"name":"Pelipper","nature":"Bold","species":"Pelipper"},{"ability":"ironbarbs","evs":{"atk":0,"def":24,"hp":252,"spa":0,"spd":232,"spe":0},"happiness":160,"item":"leftovers","ivs":{"atk":31,"def":31,"hp":31,"spa":31,"spd":31,"spe":0},"level":100,"moves":["spikes","leechseed","gyroball","thunderwave"],"name":"Ferrothorn","nature":"Sassy","species":"Ferrothorn"},{"ability":"infiltrator","evs":{"atk":0,"def":16,"hp":96,"spa":184,"spd":0,"spe":212},"happiness":160,"item":"leftovers","ivs":{"atk":31,"def":31,"hp":31,"spa":31,"spd":31,"spe":31},"level":100,"moves":["substitute","willowisp","hex","disable"],"name":"Dragapult","nature":"Timid","species":"Dragapult"},{"ability":"swiftswim","evs":{"atk":252,"def":4,"hp":0,"spa":0,"spd":0,"spe":252},"happiness":160,"item":"lifeorb","ivs":{"atk":31,"def":31,"hp":31,"spa":31,"spd":31,"spe":31},"level":100,"moves":["liquidation","stoneedge","superpower","swordsdance"],"name":"Drednaw","nature":"Adamant","species":"Drednaw"},{"ability":"gorillatactics","evs":{"atk":252,"def":0,"hp":0,"spa":0,"spd":4,"spe":252},"happiness":160,"item":"choicescarf","ivs":{"atk":31,"def":31,"hp":31,"spa":31,"spd":31,"spe":31},"level":100,"moves":["iciclecrash","flareblitz","earthquake","uturn"],"name":"Darmanitan","nature":"Jolly","species":"darmanitangalar"},{"ability":"swiftswim","evs":{"atk":0,"def":0,"hp":0,"spa":252,"spd":4,"spe":252},"happiness":160,"item":"lifeorb","ivs":{"atk":0,"def":31,"hp":31,"spa":31,"spd":31,"spe":31},"level":100,"moves":["stealthrock","earthpower","hydropump","grassknot"],"name":"Seismitoad","nature":"Modest","species":"Seismitoad"}],"roomid":1022170,"score":[2,4],"seed":[36532,16397,25841,45609],"timestamp":"Sat Dec 28 2019 23:XX","turns":50,"winner":"37103","rated_battle":true,"average_rating":1421}