{"endType":"forfeit","format":"gen8ou","inputLog":[">version aa9f8c6b9cf4eca780a1296832ecd3b0009641e0",">version-origin 5e8529faaa5905c5f8e15eafaaefa806ee8c7d06",">start {\"formatid\":\"gen8ou\",\"seed\":[1111,20353,25068,4590],\"rated\":\"Rated battle\"}",">player p1 {\"\"name\":\"31381\",\"rating\":1255}",">player p2 {\"\"name\":\"27476\",\"rating\":1217}",">p1 team 1, 2, 3, 4, 5, 6",">p2 team 6, 2, 3, 4, 5, 1",">p1 move stealthrock",">p2 switch 3",">p1 move willowisp",">p2 move toxic",">p1 switch 5",">p2 move toxicspikes",">p1 move ironhead",">p2 switch 5",">p1 switch 6",">p2 move leechseed",">p1 move willowisp",">p2 switch 5",">p1 switch 6",">p2 move knockoff",">p1 move earthquake",">p2 move earthquake",">p2 switch 4",">p1 move earthquake",">p2 move substitute",">p1 move earthquake",">p2 move aurawheel",">p1 switch 4",">p1 move earthquake",">p2 move aurawheel",">p2 switch 2",">p1 switch 6",">p2 move protect",">p1 move willowisp",">p2 move protect",">p1 move willowisp",">p2 switch 3",">p1 switch 2",">p2 move stealthrock",">p1 move scald",">p2 switch 5",">p1 switch 3",">p2 move spikes",">p1 move taunt",">p2 move leechseed",">p1 move defog",">p2 switch 6",">p1 move knockoff",">p2 move fishiousrend",">p1 switch 6",">p1 move iciclecrash",">p2 switch 5",">p1 switch 3",">p1 move scald",">p2 move stealthrock",">p2 switch 6",">p1 move scald",">p2 move powerwhip",">p1 move scald",">p2 move leechseed",">p1 switch 2",">p1 move willowisp",">p2 move leechseed",">p1 switch 5",">p2 move leechseed",">p1 switch 5",">p2 move spikes",">p1 move overheat",">p2 move leechseed"],"log":["|j|\u260631381","|j|\u260627476","|player|p1|31381|flannery|1255","|player|p2|27476|115|1217","|teamsize|p1|6","|teamsize|p2|6","|gametype|singles","|gen|8","|tier|[Gen 8] OU","|rated|","|rule|Sleep Clause Mod: Limit one foe put to sleep","|rule|Species Clause: Limit one of each Pok\u00e9mon","|rule|OHKO Clause: OHKO moves are banned","|rule|Evasion Moves Clause: Evasion moves are banned","|rule|Endless Battle Clause: Forcing endless battles is banned","|rule|HP Percentage Mod: HP is shown in percentages","|clearpoke","|poke|p1|Corsola-Galar, F|","|poke|p1|Quagsire, M|","|poke|p1|Mandibuzz, F|","|poke|p1|Darmanitan-Galar, M|","|poke|p1|Excadrill, M|","|poke|p1|Rotom-Heat|","|poke|p2|Dracovish|","|poke|p2|Togekiss, F|","|poke|p2|Drapion, F|","|poke|p2|Morpeko, F|","|poke|p2|Ferrothorn, F|","|poke|p2|Stonjourner, M|","|rule|Dynamax Clause: You cannot dynamax","|teampreview","|","|start","|switch|p1a: Corsola|Corsola-Galar, F|324\/324","|switch|p2a: Stonjourner|Stonjourner, M|341\/341","|turn|1","|","|switch|p2a: Drapion|Drapion, F|344\/344","|move|p1a: Corsola|Stealth Rock|p2a: Drapion","|-sidestart27476|move: Stealth Rock","|","|upkeep","|turn|2","|","|move|p2a: Drapion|Toxic|p1a: Corsola","|-status|p1a: Corsola|tox","|move|p1a: Corsola|Will-O-Wisp|p2a: Drapion","|-status|p2a: Drapion|brn","|","|-damage|p2a: Drapion|323\/344 brn|[from] brn","|-damage|p1a: Corsola|304\/324 tox|[from] psn","|upkeep","|turn|3","|","|switch|p1a: Excadrill|Excadrill, M|361\/361","|-ability|p1a: Excadrill|Mold Breaker","|move|p2a: Drapion|Toxic Spikes|p1a: Excadrill","|-sidestart31381|move: Toxic Spikes","|","|-heal|p2a: Drapion|344\/344 brn|[from] item: Black Sludge","|-damage|p2a: Drapion|323\/344 brn|[from] brn","|upkeep","|turn|4","|","|switch|p2a: Ferrothorn|Ferrothorn, F|352\/352","|-damage|p2a: Ferrothorn|330\/352|[from] Stealth Rock","|move|p1a: Excadrill|Iron Head|p2a: Ferrothorn","|-resisted|p2a: Ferrothorn","|-damage|p2a: Ferrothorn|282\/352","|-damage|p1a: Excadrill|316\/361|[from] ability: Iron Barbs|[of] p2a: Ferrothorn","|-damage|p1a: Excadrill|256\/361|[from] item: Rocky Helmet|[of] p2a: Ferrothorn","|","|upkeep","|turn|5","|","|switch|p1a: Rotom|Rotom-Heat|241\/241","|move|p2a: Ferrothorn|Leech Seed|p1a: Rotom","|-start|p1a: Rotom|move: Leech Seed","|","|-damage|p1a: Rotom|211\/241|[from] Leech Seed|[of] p2a: Ferrothorn","|-heal|p2a: Ferrothorn|312\/352|[silent]","|upkeep","|turn|6","|","|switch|p2a: Drapion|Drapion, F|323\/344 brn","|-damage|p2a: Drapion|280\/344 brn|[from] Stealth Rock","|move|p1a: Rotom|Will-O-Wisp|p2a: Drapion","|-fail|p2a: Drapion|brn","|","|-heal|p2a: Drapion|301\/344 brn|[from] item: Black Sludge","|-damage|p1a: Rotom|181\/241|[from] Leech Seed|[of] p2a: Drapion","|-heal|p2a: Drapion|331\/344 brn|[silent]","|-damage|p2a: Drapion|310\/344 brn|[from] brn","|upkeep","|turn|7","|","|switch|p1a: Excadrill|Excadrill, M|256\/361","|-ability|p1a: Excadrill|Mold Breaker","|move|p2a: Drapion|Knock Off|p1a: Excadrill","|-damage|p1a: Excadrill|177\/361","|-enditem|p1a: Excadrill|Choice Scarf|[from] move: Knock Off|[of] p2a: Drapion","|","|-heal|p2a: Drapion|331\/344 brn|[from] item: Black Sludge","|-damage|p2a: Drapion|310\/344 brn|[from] brn","|upkeep","|turn|8","|","|move|p1a: Excadrill|Earthquake|p2a: Drapion","|-supereffective|p2a: Drapion","|-crit|p2a: Drapion","|-damage|p2a: Drapion|0 fnt","|faint|p2a: Drapion","|","|upkeep","|","|switch|p2a: Morpeko|Morpeko, F|257\/257","|-damage|p2a: Morpeko|225\/257|[from] Stealth Rock","|turn|9","|","|move|p2a: Morpeko|Substitute|p2a: Morpeko","|-start|p2a: Morpeko|Substitute","|-damage|p2a: Morpeko|161\/257","|move|p1a: Excadrill|Earthquake|p2a: Morpeko","|-supereffective|p2a: Morpeko","|-end|p2a: Morpeko|Substitute","|","|-formechange|p2a: Morpeko|Morpeko-Hangry||[from] ability: Hunger Switch","|upkeep","|turn|10","|","|move|p2a: Morpeko|Aura Wheel|p1a: Excadrill","|-damage|p1a: Excadrill|0 fnt","|-boost|p2a: Morpeko|spe|1","|faint|p1a: Excadrill","|","|-formechange|p2a: Morpeko|Morpeko||[from] ability: Hunger Switch","|upkeep","|","|switch|p1a: Darmanitan|Darmanitan-Galar, M|351\/351","|-status|p1a: Darmanitan|psn","|turn|11","|","|move|p2a: Morpeko|Aura Wheel|p1a: Darmanitan","|-damage|p1a: Darmanitan|63\/351 psn","|-boost|p2a: Morpeko|spe|1","|move|p1a: Darmanitan|Earthquake|p2a: Morpeko","|-supereffective|p2a: Morpeko","|-damage|p2a: Morpeko|0 fnt","|faint|p2a: Morpeko","|","|-damage|p1a: Darmanitan|20\/351 psn|[from] psn","|upkeep","|","|switch|p2a: Togekiss|Togekiss, F|374\/374","|-damage|p2a: Togekiss|281\/374|[from] Stealth Rock","|turn|12","|","|switch|p1a: Rotom|Rotom-Heat|181\/241","|move|p2a: Togekiss|Protect||[still]","|-fail|p2a: Togekiss","|","|-heal|p2a: Togekiss|304\/374|[from] item: Leftovers","|upkeep","|turn|13","|","|move|p2a: Togekiss|Protect|p2a: Togekiss","|-singleturn|p2a: Togekiss|Protect","|move|p1a: Rotom|Will-O-Wisp|p2a: Togekiss","|-activate|p2a: Togekiss|move: Protect","|","|-heal|p2a: Togekiss|327\/374|[from] item: Leftovers","|upkeep","|turn|14","|","|switch|p2a: Stonjourner|Stonjourner, M|341\/341","|-damage|p2a: Stonjourner|299\/341|[from] Stealth Rock","|move|p1a: Rotom|Will-O-Wisp|p2a: Stonjourner","|-status|p2a: Stonjourner|brn","|","|-damage|p2a: Stonjourner|278\/341 brn|[from] brn","|upkeep","|turn|15","|","|switch|p1a: Quagsire|Quagsire, M|394\/394","|-status|p1a: Quagsire|psn","|move|p2a: Stonjourner|Stealth Rock|p1a: Quagsire","|-sidestart31381|move: Stealth Rock","|","|-damage|p2a: Stonjourner|257\/341 brn|[from] brn","|-damage|p1a: Quagsire|345\/394 psn|[from] psn","|upkeep","|turn|16","|","|switch|p2a: Ferrothorn|Ferrothorn, F|312\/352","|-damage|p2a: Ferrothorn|290\/352|[from] Stealth Rock","|move|p1a: Quagsire|Scald|p2a: Ferrothorn","|-resisted|p2a: Ferrothorn","|-damage|p2a: Ferrothorn|258\/352","|-status|p2a: Ferrothorn|brn","|","|-heal|p1a: Quagsire|369\/394 psn|[from] item: Leftovers","|-damage|p1a: Quagsire|320\/394 psn|[from] psn","|-damage|p2a: Ferrothorn|236\/352 brn|[from] brn","|upkeep","|turn|17","|","|switch|p1a: Mandibuzz|Mandibuzz, F|424\/424","|move|p2a: Ferrothorn|Spikes|p1a: Mandibuzz","|-sidestart31381|Spikes","|","|-damage|p2a: Ferrothorn|214\/352 brn|[from] brn","|upkeep","|turn|18","|","|move|p1a: Mandibuzz|Taunt|p2a: Ferrothorn","|-start|p2a: Ferrothorn|move: Taunt","|cant|p2a: Ferrothorn|move: Taunt|Leech Seed","|","|-damage|p2a: Ferrothorn|192\/352 brn|[from] brn","|upkeep","|turn|19","|","|switch|p2a: Dracovish|Dracovish|321\/321","|-damage|p2a: Dracovish|281\/321|[from] Stealth Rock","|move|p1a: Mandibuzz|Defog|p2a: Dracovish","|-unboost|p2a: Dracovish|evasion|1","|-sideend27476|Stealth Rock|[from] move: Defog|[of] p1a: Mandibuzz","|-sideend31381|Spikes|[from] move: Defog|[of] p1a: Mandibuzz","|-sideend31381|Toxic Spikes|[from] move: Defog|[of] p1a: Mandibuzz","|-sideend31381|Stealth Rock|[from] move: Defog|[of] p1a: Mandibuzz","|","|upkeep","|turn|20","|","|move|p2a: Dracovish|Fishious Rend|p1a: Mandibuzz","|-damage|p1a: Mandibuzz|0 fnt","|faint|p1a: Mandibuzz","|","|upkeep","|","|switch|p1a: Darmanitan|Darmanitan-Galar, M|20\/351 psn","|turn|21","|","|switch|p2a: Stonjourner|Stonjourner, M|257\/341 brn","|move|p1a: Darmanitan|Icicle Crash|p2a: Stonjourner","|-damage|p2a: Stonjourner|70\/341 brn","|","|-damage|p1a: Darmanitan|0 fnt|[from] psn","|faint|p1a: Darmanitan","|-damage|p2a: Stonjourner|49\/341 brn|[from] brn","|upkeep","|","|switch|p1a: Quagsire|Quagsire, M|320\/394 psn","|turn|22","|","|move|p2a: Stonjourner|Stealth Rock|p1a: Quagsire","|-sidestart31381|move: Stealth Rock","|move|p1a: Quagsire|Scald|p2a: Stonjourner","|-supereffective|p2a: Stonjourner","|-damage|p2a: Stonjourner|0 fnt","|faint|p2a: Stonjourner","|","|-heal|p1a: Quagsire|344\/394 psn|[from] item: Leftovers","|-damage|p1a: Quagsire|295\/394 psn|[from] psn","|upkeep","|","|switch|p2a: Ferrothorn|Ferrothorn, F|192\/352 brn","|turn|23","|","|move|p1a: Quagsire|Scald|p2a: Ferrothorn","|-resisted|p2a: Ferrothorn","|-damage|p2a: Ferrothorn|163\/352 brn","|move|p2a: Ferrothorn|Power Whip|p1a: Quagsire","|-supereffective|p1a: Quagsire","|-damage|p1a: Quagsire|61\/394 psn","|","|-heal|p1a: Quagsire|85\/394 psn|[from] item: Leftovers","|-damage|p1a: Quagsire|36\/394 psn|[from] psn","|-damage|p2a: Ferrothorn|141\/352 brn|[from] brn","|upkeep","|turn|24","|","|move|p1a: Quagsire|Scald|p2a: Ferrothorn","|-resisted|p2a: Ferrothorn","|-damage|p2a: Ferrothorn|109\/352 brn","|move|p2a: Ferrothorn|Leech Seed|p1a: Quagsire","|-start|p1a: Quagsire|move: Leech Seed","|","|-heal|p1a: Quagsire|60\/394 psn|[from] item: Leftovers","|-damage|p1a: Quagsire|11\/394 psn|[from] Leech Seed|[of] p2a: Ferrothorn","|-heal|p2a: Ferrothorn|158\/352 brn|[silent]","|-damage|p1a: Quagsire|0 fnt|[from] psn","|faint|p1a: Quagsire","|-damage|p2a: Ferrothorn|136\/352 brn|[from] brn","|upkeep","|","|switch|p1a: Rotom|Rotom-Heat|181\/241","|-damage|p1a: Rotom|121\/241|[from] Stealth Rock","|turn|25","|","|move|p1a: Rotom|Will-O-Wisp|p2a: Ferrothorn|[miss]","|-miss|p1a: Rotom|p2a: Ferrothorn","|move|p2a: Ferrothorn|Leech Seed|p1a: Rotom|[miss]","|-miss|p2a: Ferrothorn|p1a: Rotom","|","|-damage|p2a: Ferrothorn|114\/352 brn|[from] brn","|upkeep","|turn|26","|","|switch|p1a: Corsola|Corsola-Galar, F|304\/324 tox","|-damage|p1a: Corsola|264\/324 tox|[from] Stealth Rock","|move|p2a: Ferrothorn|Leech Seed|p1a: Corsola","|-start|p1a: Corsola|move: Leech Seed","|","|-damage|p1a: Corsola|224\/324 tox|[from] Leech Seed|[of] p2a: Ferrothorn","|-heal|p2a: Ferrothorn|154\/352 brn|[silent]","|-damage|p1a: Corsola|204\/324 tox|[from] psn","|-damage|p2a: Ferrothorn|132\/352 brn|[from] brn","|upkeep","|turn|27","|","|switch|p1a: Rotom|Rotom-Heat|121\/241","|-damage|p1a: Rotom|61\/241|[from] Stealth Rock","|move|p2a: Ferrothorn|Spikes|p1a: Rotom","|-sidestart31381|Spikes","|","|-damage|p2a: Ferrothorn|110\/352 brn|[from] brn","|upkeep","|turn|28","|","|move|p1a: Rotom|Overheat|p2a: Ferrothorn|[miss]","|-miss|p1a: Rotom|p2a: Ferrothorn","|move|p2a: Ferrothorn|Leech Seed|p1a: Rotom","|-start|p1a: Rotom|move: Leech Seed","|","|-damage|p1a: Rotom|31\/241|[from] Leech Seed|[of] p2a: Ferrothorn","|-heal|p2a: Ferrothorn|140\/352 brn|[silent]","|-damage|p2a: Ferrothorn|118\/352 brn|[from] brn","|upkeep","|turn|29","|-message|31381 forfeited.","|","|win|27476","|l|\u260631381","|raw|31381's rating: 1281 &rarr; <strong>1253<\/strong><br \/>(-28 for losing)","|raw|27476's rating: 1236 &rarr; <strong>1265<\/strong><br \/>(+29 for winning)",""],"p1":"31381","p1rating":1255,"p1team":[{"ability":"cursedbody","evs":{"atk":0,"def":252,"hp":252,"spa":0,"spd":4,"spe":0},"happiness":160,"item":"eviolite","ivs":{"atk":0,"def":31,"hp":31,"spa":31,"spd":31,"spe":31},"level":100,"moves":["stealthrock","haze","willowisp","strengthsap"],"name":"Corsola","nature":"Bold","species":"corsolagalar"},{"ability":"unaware","evs":{"atk":0,"def":252,"hp":252,"spa":0,"spd":4,"spe":0},"happiness":160,"item":"leftovers","ivs":{"atk":0,"def":31,"hp":31,"spa":31,"spd":31,"spe":31},"level":100,"moves":["scald","haze","recover","toxic"],"name":"Quagsire","nature":"Bold","species":"Quagsire"},{"ability":"overcoat","evs":{"atk":0,"def":4,"hp":252,"spa":0,"spd":252,"spe":0},"gender":"F","happiness":160,"item":"heavydutyboots","ivs":{"atk":31,"def":31,"hp":31,"spa":31,"spd":31,"spe":31},"level":100,"moves":["knockoff","roost","defog","taunt"],"name":"Mandibuzz","nature":"Careful","species":"Mandibuzz"},{"ability":"gorillatactics","evs":{"atk":252,"def":0,"hp":0,"spa":0,"spd":4,"spe":252},"happiness":160,"item":"choicescarf","ivs":{"atk":31,"def":31,"hp":31,"spa":31,"spd":31,"spe":31},"level":100,"moves":["iciclecrash","uturn","earthquake","ironhead"],"name":"Darmanitan","nature":"Jolly","species":"darmanitangalar"},{"ability":"moldbreaker","evs":{"atk":252,"def":0,"hp":0,"spa":0,"spd":4,"spe":252},"happiness":160,"item":"choicescarf","ivs":{"atk":31,"def":31,"hp":31,"spa":31,"spd":31,"spe":31},"level":100,"moves":["earthquake","ironhead","rockslide","shadowclaw"],"name":"Excadrill","nature":"Jolly","species":"Excadrill"},{"ability":"levitate","evs":{"atk":0,"def":0,"hp":0,"spa":252,"spd":4,"spe":252},"gender":"N","happiness":160,"item":"choicescarf","ivs":{"atk":0,"def":31,"hp":31,"spa":31,"spd":31,"spe":31},"level":100,"moves":["trick","overheat","thunderbolt","willowisp"],"name":"Rotom","nature":"Timid","species":"rotomheat"}],"p2":"27476","p2rating":1217,"p2team":[{"ability":"strongjaw","evs":{"atk":252,"def":4,"hp":0,"spa":0,"spd":0,"spe":252},"gender":"N","happiness":160,"item":"choiceband","ivs":{"atk":31,"def":31,"hp":31,"spa":31,"spd":31,"spe":31},"level":100,"moves":["fishiousrend","crunch","psychicfangs","outrage"],"name":"Dracovish","nature":"Adamant","species":"Dracovish"},{"ability":"serenegrace","evs":{"atk":0,"def":0,"hp":252,"spa":0,"spd":160,"spe":96},"happiness":160,"item":"leftovers","ivs":{"atk":0,"def":31,"hp":31,"spa":31,"spd":31,"spe":31},"level":100,"moves":["wish","protect","thunderwave","airslash"],"name":"Togekiss","nature":"Calm","species":"Togekiss"},{"ability":"battlearmor","evs":{"atk":0,"def":160,"hp":252,"spa":0,"spd":0,"spe":96},"happiness":160,"item":"blacksludge","ivs":{"atk":31,"def":31,"hp":31,"spa":31,"spd":31,"spe":31},"level":100,"moves":["toxicspikes","knockoff","toxic","earthquake"],"name":"Drapion","nature":"Impish","species":"Drapion"},{"ability":"hungerswitch","evs":{"atk":252,"def":4,"hp":0,"spa":0,"spd":0,"spe":252},"happiness":160,"item":"metronome","ivs":{"atk":31,"def":31,"hp":31,"spa":31,"spd":31,"spe":31},"level":100,"moves":["aurawheel","seedbomb","substitute","rapidspin"],"name":"Morpeko","nature":"Jolly","species":"Morpeko"},{"ability":"ironbarbs","evs":{"atk":0,"def":252,"hp":252,"spa":0,"spd":4,"spe":0},"happiness":160,"item":"rockyhelmet","ivs":{"atk":31,"def":31,"hp":31,"spa":31,"spd":31,"spe":0},"level":100,"moves":["leechseed","spikes","powerwhip","gyroball"],"name":"Ferrothorn","nature":"Relaxed","species":"Ferrothorn"},{"ability":"powerspot","evs":{"atk":252,"def":4,"hp":0,"spa":0,"spd":0,"spe":252},"happiness":160,"item":"focussash","ivs":{"atk":31,"def":31,"hp":31,"spa":31,"spd":31,"spe":31},"level":100,"moves":["stealthrock","stoneedge","heatcrash","earthquake"],"name":"Stonjourner","nature":"Jolly","species":"Stonjourner"}],"roomid":1018873,"score":[2,3],"seed":[1111,20353,25068,4590],"timestamp":"Sat Dec 28 2019 16:XX","turns":29,"winner":"27476","rated_battle":true,"average_rating":1236}