{"endType":"forfeit","format":"gen8ou","inputLog":[">version aa9f8c6b9cf4eca780a1296832ecd3b0009641e0",">version-origin 5e8529faaa5905c5f8e15eafaaefa806ee8c7d06",">start {\"formatid\":\"gen8ou\",\"seed\":[62399,63044,643,23841],\"rated\":\"Rated battle\"}",">player p1 {\"\"name\":\"126090\",\"rating\":1384}",">player p2 {\"\"name\":\"13957\",\"rating\":1342}",">p1 team 6, 2, 3, 4, 5, 1",">p2 team 4, 2, 3, 1, 5, 6",">p1 move flareblitz",">p2 switch 5",">p1 move flareblitz",">p2 switch 6",">p1 switch 2",">p2 move willowisp",">p1 move reflect",">p2 move voltswitch",">p2 switch 6",">p1 switch 6",">p2 move roost",">p1 move dragondance",">p2 move uturn",">p2 switch 4",">p1 move waterfall",">p2 move thunderbolt",">p1 switch 3",">p1 move shadowball",">p2 switch 4",">p1 move shadowball",">p2 move uturn",">p2 switch 5",">p1 switch 6",">p2 move iciclecrash",">p1 switch 2",">p1 move flareblitz",">p2 switch 3"],"log":["|j|\u2606126090","|j|\u260613957","|player|p1|126090|279|1384","|player|p2|13957|102|1342","|teamsize|p1|6","|teamsize|p2|6","|gametype|singles","|gen|8","|tier|[Gen 8] OU","|rated|","|rule|Sleep Clause Mod: Limit one foe put to sleep","|rule|Species Clause: Limit one of each Pok\u00e9mon","|rule|OHKO Clause: OHKO moves are banned","|rule|Evasion Moves Clause: Evasion moves are banned","|rule|Endless Battle Clause: Forcing endless battles is banned","|rule|HP Percentage Mod: HP is shown in percentages","|clearpoke","|poke|p1|Gyarados, F|","|poke|p1|Grimmsnarl, M|","|poke|p1|Dragapult, M|","|poke|p1|Cinderace, M|","|poke|p1|Hatterene, F|","|poke|p1|Darmanitan-Galar, M|","|poke|p2|Clefable, M|","|poke|p2|Dragapult, F|","|poke|p2|Seismitoad, F|","|poke|p2|Darmanitan-Galar, M|","|poke|p2|Corviknight, F|","|poke|p2|Rotom-Heat|","|rule|Dynamax Clause: You cannot dynamax","|teampreview","|","|start","|switch|p1a: Darmanitan|Darmanitan-Galar, M|351\/351","|switch|p2a: Darmanitan|Darmanitan-Galar, M|351\/351","|turn|1","|","|switch|p2a: Corviknight|Corviknight, F|400\/400","|-ability|p2a: Corviknight|Pressure","|move|p1a: Darmanitan|Flare Blitz|p2a: Corviknight","|-supereffective|p2a: Corviknight","|-damage|p2a: Corviknight|60\/400","|-status|p2a: Corviknight|brn","|-damage|p1a: Darmanitan|239\/351|[from] Recoil","|","|-heal|p2a: Corviknight|85\/400 brn|[from] item: Leftovers","|-damage|p2a: Corviknight|60\/400 brn|[from] brn","|upkeep","|turn|2","|","|switch|p2a: Rotom|Rotom-Heat|304\/304","|move|p1a: Darmanitan|Flare Blitz|p2a: Rotom","|-resisted|p2a: Rotom","|-damage|p2a: Rotom|224\/304","|-damage|p1a: Darmanitan|213\/351|[from] Recoil","|","|upkeep","|turn|3","|","|switch|p1a: Grimmsnarl|Grimmsnarl, M|394\/394","|move|p2a: Rotom|Will-O-Wisp|p1a: Grimmsnarl","|-status|p1a: Grimmsnarl|brn","|","|-damage|p1a: Grimmsnarl|370\/394 brn|[from] brn","|upkeep","|turn|4","|","|move|p1a: Grimmsnarl|Reflect|p1a: Grimmsnarl","|-sidestart126090|Reflect","|move|p2a: Rotom|Volt Switch|p1a: Grimmsnarl","|-damage|p1a: Grimmsnarl|297\/394 brn","|","|switch|p2a: Corviknight|Corviknight, F|60\/400 brn","|-ability|p2a: Corviknight|Pressure","|","|-heal|p2a: Corviknight|85\/400 brn|[from] item: Leftovers","|-damage|p2a: Corviknight|60\/400 brn|[from] brn","|-damage|p1a: Grimmsnarl|273\/394 brn|[from] brn","|upkeep","|turn|5","|","|switch|p1a: Gyarados|Gyarados, F, shiny|331\/331","|-ability|p1a: Gyarados|Intimidate|boost","|-unboost|p2a: Corviknight|atk|1","|move|p2a: Corviknight|Roost|p2a: Corviknight","|-heal|p2a: Corviknight|260\/400 brn","|-singleturn|p2a: Corviknight|move: Roost","|","|-heal|p2a: Corviknight|285\/400 brn|[from] item: Leftovers","|-damage|p2a: Corviknight|260\/400 brn|[from] brn","|upkeep","|turn|6","|","|move|p1a: Gyarados|Dragon Dance|p1a: Gyarados","|-boost|p1a: Gyarados|atk|1","|-boost|p1a: Gyarados|spe|1","|move|p2a: Corviknight|U-turn|p1a: Gyarados","|-resisted|p1a: Gyarados","|-damage|p1a: Gyarados|327\/331","|","|switch|p2a: Clefable|Clefable, M|379\/379","|","|-heal|p1a: Gyarados|331\/331|[from] item: Leftovers","|upkeep","|turn|7","|","|move|p1a: Gyarados|Waterfall|p2a: Clefable","|-damage|p2a: Clefable|99\/379","|move|p2a: Clefable|Thunderbolt|p1a: Gyarados","|-supereffective|p1a: Gyarados","|-damage|p1a: Gyarados|0 fnt","|faint|p1a: Gyarados","|","|upkeep","|","|switch|p1a: Dragapult|Dragapult, M, shiny|317\/317","|turn|8","|","|switch|p2a: Corviknight|Corviknight, F|260\/400 brn","|-ability|p2a: Corviknight|Pressure","|move|p1a: Dragapult|Shadow Ball|p2a: Corviknight","|-damage|p2a: Corviknight|89\/400 brn","|-unboost|p2a: Corviknight|spd|1","|","|-heal|p2a: Corviknight|114\/400 brn|[from] item: Leftovers","|-damage|p2a: Corviknight|89\/400 brn|[from] brn","|-sideend126090|Reflect","|upkeep","|turn|9","|","|move|p1a: Dragapult|Shadow Ball|p2a: Corviknight","|-damage|p2a: Corviknight|0 fnt","|faint|p2a: Corviknight","|","|upkeep","|","|switch|p2a: Darmanitan|Darmanitan-Galar, M|351\/351","|turn|10","|","|switch|p1a: Grimmsnarl|Grimmsnarl, M|273\/394 brn","|move|p2a: Darmanitan|Icicle Crash|p1a: Grimmsnarl","|-damage|p1a: Grimmsnarl|0 fnt","|faint|p1a: Grimmsnarl","|","|upkeep","|","|switch|p1a: Darmanitan|Darmanitan-Galar, M|213\/351","|turn|11","|","|switch|p2a: Seismitoad|Seismitoad, F|414\/414","|move|p1a: Darmanitan|Flare Blitz|p2a: Seismitoad","|-resisted|p2a: Seismitoad","|-damage|p2a: Seismitoad|312\/414","|-damage|p1a: Darmanitan|179\/351|[from] Recoil","|","|-heal|p2a: Seismitoad|337\/414|[from] item: Leftovers","|upkeep","|turn|12","|l|\u2606126090","|player|p1|","|-message|126090 lost due to inactivity.","|","|win|13957","|raw|126090's rating: 1384 &rarr; <strong>1362<\/strong><br \/>(-22 for losing)","|raw|13957's rating: 1343 &rarr; <strong>1365<\/strong><br \/>(+22 for winning)",""],"p1":"126090","p1rating":1384,"p1team":[{"ability":"intimidate","evs":{"atk":252,"def":0,"hp":0,"spa":0,"spd":4,"spe":252},"happiness":160,"item":"leftovers","ivs":{"atk":31,"def":31,"hp":31,"spa":31,"spd":31,"spe":31},"level":100,"moves":["dragondance","waterfall","earthquake","powerwhip"],"name":"Gyarados","nature":"Adamant","shiny":true,"species":"Gyarados"},{"ability":"prankster","evs":{"atk":0,"def":0,"hp":252,"spa":4,"spd":252,"spe":0},"gender":"M","happiness":160,"item":"choicespecs","ivs":{"atk":0,"def":31,"hp":31,"spa":31,"spd":31,"spe":31},"level":100,"moves":["reflect","lightscreen","thunderwave","trick"],"name":"Grimmsnarl","nature":"Calm","species":"Grimmsnarl"},{"ability":"clearbody","evs":{"atk":0,"def":0,"hp":0,"spa":252,"spd":4,"spe":252},"happiness":160,"item":"choicespecs","ivs":{"atk":0,"def":31,"hp":31,"spa":31,"spd":31,"spe":31},"level":100,"moves":["dracometeor","shadowball","fireblast","thunderbolt"],"name":"Dragapult","nature":"Timid","shiny":true,"species":"Dragapult"},{"ability":"blaze","evs":{"atk":252,"def":0,"hp":0,"spa":0,"spd":4,"spe":252},"happiness":160,"item":"heavydutyboots","ivs":{"atk":31,"def":31,"hp":31,"spa":31,"spd":31,"spe":31},"level":100,"moves":["pyroball","highjumpkick","courtchange","zenheadbutt"],"name":"Cinderace","nature":"Adamant","species":"Cinderace"},{"ability":"magicbounce","evs":{"atk":0,"def":0,"hp":252,"spa":4,"spd":252,"spe":0},"gender":"F","happiness":160,"item":"assaultvest","ivs":{"atk":0,"def":31,"hp":31,"spa":31,"spd":31,"spe":31},"level":100,"moves":["psychic","mysticalfire","dazzlinggleam","gigadrain"],"name":"Hatterene","nature":"Modest","shiny":true,"species":"Hatterene"},{"ability":"gorillatactics","evs":{"atk":252,"def":0,"hp":0,"spa":0,"spd":4,"spe":252},"happiness":160,"item":"choicescarf","ivs":{"atk":31,"def":31,"hp":31,"spa":31,"spd":31,"spe":31},"level":100,"moves":["superpower","flareblitz","uturn","iciclecrash"],"name":"Darmanitan","nature":"Jolly","species":"darmanitangalar"}],"p2":"13957","p2rating":1342,"p2team":[{"ability":"magicguard","evs":{"atk":0,"def":0,"hp":192,"spa":252,"spd":0,"spe":64},"happiness":160,"item":"lifeorb","ivs":{"atk":0,"def":31,"hp":31,"spa":31,"spd":31,"spe":31},"level":100,"moves":["moonblast","flamethrower","thunderbolt","moonlight"],"name":"Clefable","nature":"Modest","species":"Clefable"},{"ability":"infiltrator","evs":{"atk":0,"def":0,"hp":0,"spa":252,"spd":4,"spe":252},"happiness":160,"item":"choicespecs","ivs":{"atk":31,"def":31,"hp":31,"spa":31,"spd":31,"spe":31},"level":100,"moves":["uturn","dracometeor","shadowball","flamethrower"],"name":"Dragapult","nature":"Timid","species":"Dragapult"},{"ability":"waterabsorb","evs":{"atk":0,"def":232,"hp":252,"spa":0,"spd":24,"spe":0},"happiness":160,"item":"leftovers","ivs":{"atk":31,"def":31,"hp":31,"spa":31,"spd":31,"spe":31},"level":100,"moves":["stealthrock","earthquake","scald","toxic"],"name":"Seismitoad","nature":"Relaxed","species":"Seismitoad"},{"ability":"gorillatactics","evs":{"atk":252,"def":0,"hp":0,"spa":0,"spd":4,"spe":252},"happiness":160,"item":"choicescarf","ivs":{"atk":31,"def":31,"hp":31,"spa":31,"spd":31,"spe":31},"level":100,"moves":["iciclecrash","superpower","earthquake","uturn"],"name":"Darmanitan","nature":"Jolly","species":"darmanitangalar"},{"ability":"pressure","evs":{"atk":0,"def":76,"hp":252,"spa":0,"spd":180,"spe":0},"happiness":160,"item":"leftovers","ivs":{"atk":31,"def":31,"hp":31,"spa":31,"spd":31,"spe":31},"level":100,"moves":["bravebird","roost","defog","uturn"],"name":"Corviknight","nature":"Impish","species":"Corviknight"},{"ability":"levitate","evs":{"atk":0,"def":252,"hp":252,"spa":0,"spd":4,"spe":0},"gender":"N","happiness":160,"item":"heavydutyboots","ivs":{"atk":0,"def":31,"hp":31,"spa":31,"spd":31,"spe":31},"level":100,"moves":["voltswitch","overheat","thunderwave","willowisp"],"name":"Rotom","nature":"Bold","species":"rotomheat"}],"roomid":1019401,"score":[4,5],"seed":[62399,63044,643,23841],"timestamp":"Sat Dec 28 2019 23:XX","turns":12,"winner":"13957","rated_battle":true,"average_rating":1363}