{"endType":"forfeit","format":"gen8ou","inputLog":[">version aa9f8c6b9cf4eca780a1296832ecd3b0009641e0",">version-origin 5e8529faaa5905c5f8e15eafaaefa806ee8c7d06",">start {\"formatid\":\"gen8ou\",\"seed\":[25438,56958,27578,40188],\"rated\":\"Rated battle\"}",">player p1 {\"\"name\":\"25671\",\"rating\":1225}",">player p2 {\"\"name\":\"29412\",\"rating\":1219}",">p1 team 1, 2, 3, 4, 5, 6",">p2 team 1, 2, 3, 4, 5, 6",">p1 switch 6",">p2 move psychicfangs",">p1 move stealthrock",">p2 switch 6",">p1 move ironhead",">p2 switch 3",">p1 switch 2",">p2 move defog",">p1 move fishiousrend",">p2 move bravebird",">p2 switch 2",">p1 switch 5",">p2 move fishiousrend",">p1 move leechseed",">p2 switch 3",">p1 switch 3",">p2 switch 6",">p1 switch 2",">p2 move firefang",">p1 switch 2",">p2 move firefang",">p1 move uturn",">p2 switch 4",">p1 switch 4",">p1 move surf",">p2 move thunderbolt",">p1 switch 5",">p1 switch 3",">p2 move dragonpulse",">p1 move leechseed",">p2 switch 3",">p1 move spikes",">p2 move protect",">p1 move leechseed",">p2 switch 4",">p1 move protect",">p2 move thunderfang",">p1 switch 2",">p2 switch 3",">p1 switch 2",">p2 move scald",">p2 switch 5",">p1 move leechseed",">p2 move closecombat",">p1 move protect",">p2 switch 3",">p1 move protect",">p2 move firefang",">p1 switch 4",">p2 switch 4",">p1 move uturn",">p2 move leechseed",">p1 switch 2",">p1 switch 3",">p2 move leechseed",">p1 switch 4",">p2 move leechseed",">p1 move leechseed",">p2 switch 3"],"log":["|j|\u260625671","|j|\u260629412","|player|p1|25671|102|1225","|player|p2|29412|n|1219","|teamsize|p1|6","|teamsize|p2|6","|gametype|singles","|gen|8","|tier|[Gen 8] OU","|rated|","|rule|Sleep Clause Mod: Limit one foe put to sleep","|rule|Species Clause: Limit one of each Pok\u00e9mon","|rule|OHKO Clause: OHKO moves are banned","|rule|Evasion Moves Clause: Evasion moves are banned","|rule|Endless Battle Clause: Forcing endless battles is banned","|rule|HP Percentage Mod: HP is shown in percentages","|clearpoke","|poke|p1|Rotom-Wash|","|poke|p1|Dracovish|","|poke|p1|Pelipper, F|","|poke|p1|Mantine, M|","|poke|p1|Ferrothorn, M|","|poke|p1|Excadrill, M|","|poke|p2|Boltund, M|","|poke|p2|Ditto|","|poke|p2|Corviknight, M|","|poke|p2|Dragapult, M|","|poke|p2|Sirfetch'd, M|","|poke|p2|Hatterene, F|","|rule|Dynamax Clause: You cannot dynamax","|teampreview","|","|start","|switch|p1a: Rotom|Rotom-Wash|241\/241","|switch|p2a: Boltund|Boltund, M|279\/279","|turn|1","|","|switch|p1a: Excadrill|Excadrill, M|401\/401","|-ability|p1a: Excadrill|Mold Breaker","|move|p2a: Boltund|Psychic Fangs|p1a: Excadrill","|-resisted|p1a: Excadrill","|-damage|p1a: Excadrill|274\/401","|","|-heal|p1a: Excadrill|299\/401|[from] item: Leftovers","|upkeep","|turn|2","|","|switch|p2a: Hatterene|Hatterene, F|318\/318","|move|p1a: Excadrill|Stealth Rock|p2a: Hatterene","|-sidestart29412|move: Stealth Rock","|","|-heal|p1a: Excadrill|324\/401|[from] item: Leftovers","|upkeep","|turn|3","|","|switch|p2a: Corviknight|Corviknight, M|340\/340","|-damage|p2a: Corviknight|298\/340|[from] Stealth Rock","|move|p1a: Excadrill|Iron Head|p2a: Corviknight","|-resisted|p2a: Corviknight","|-damage|p2a: Corviknight|257\/340","|-damage|p1a: Excadrill|258\/401|[from] item: Rocky Helmet|[of] p2a: Corviknight","|","|-heal|p1a: Excadrill|283\/401|[from] item: Leftovers","|upkeep","|turn|4","|","|switch|p1a: Dracovish|Dracovish|321\/321","|move|p2a: Corviknight|Defog|p1a: Dracovish","|-unboost|p1a: Dracovish|evasion|1","|-sideend29412|Stealth Rock|[from] move: Defog|[of] p2a: Corviknight","|","|upkeep","|turn|5","|","|move|p1a: Dracovish|Fishious Rend|p2a: Corviknight","|-damage|p2a: Corviknight|8\/340","|-damage|p1a: Dracovish|268\/321|[from] item: Rocky Helmet|[of] p2a: Corviknight","|move|p2a: Corviknight|Brave Bird|p1a: Dracovish","|-damage|p1a: Dracovish|106\/321","|-damage|p2a: Corviknight|0 fnt|[from] Recoil","|faint|p2a: Corviknight","|","|upkeep","|","|switch|p2a: Ditto|Ditto, shiny|300\/300","|-transform|p2a: Ditto|p1a: Dracovish|[from] ability: Imposter","|turn|6","|","|switch|p1a: Ferrothorn|Ferrothorn, M|352\/352","|move|p2a: Ditto|Fishious Rend|p1a: Ferrothorn","|-resisted|p1a: Ferrothorn","|-damage|p1a: Ferrothorn|246\/352","|-damage|p2a: Ditto|263\/300|[from] ability: Iron Barbs|[of] p1a: Ferrothorn","|","|-heal|p1a: Ferrothorn|268\/352|[from] item: Leftovers","|upkeep","|turn|7","|","|switch|p2a: Hatterene|Hatterene, F|318\/318","|move|p1a: Ferrothorn|Leech Seed|p2a: Hatterene","|move|p2a: Hatterene|Leech Seed|p1a: Ferrothorn|[from]Magic Bounce","|-immune|p1a: Ferrothorn","|","|-heal|p1a: Ferrothorn|290\/352|[from] item: Leftovers","|upkeep","|turn|8","|","|switch|p2a: Boltund|Boltund, M|279\/279","|switch|p1a: Pelipper|Pelipper, F|324\/324","|-weather|RainDance|[from] ability: Drizzle|[of] p1a: Pelipper","|","|-weather|RainDance|[upkeep]","|upkeep","|turn|9","|","|switch|p1a: Excadrill|Excadrill, M|283\/401","|-ability|p1a: Excadrill|Mold Breaker","|move|p2a: Boltund|Fire Fang|p1a: Excadrill","|-supereffective|p1a: Excadrill","|-damage|p1a: Excadrill|93\/401","|","|-weather|RainDance|[upkeep]","|-heal|p1a: Excadrill|118\/401|[from] item: Leftovers","|upkeep","|turn|10","|","|switch|p1a: Pelipper|Pelipper, F|324\/324","|move|p2a: Boltund|Fire Fang|p1a: Pelipper","|-resisted|p1a: Pelipper","|-damage|p1a: Pelipper|301\/324","|-status|p1a: Pelipper|brn","|","|-weather|RainDance|[upkeep]","|-damage|p1a: Pelipper|281\/324 brn|[from] brn","|upkeep","|turn|11","|","|switch|p2a: Dragapult|Dragapult, M|317\/317","|move|p1a: Pelipper|U-turn|p2a: Dragapult","|-resisted|p2a: Dragapult","|-damage|p2a: Dragapult|308\/317","|","|switch|p1a: Mantine|Mantine, M|311\/311","|","|-weather|RainDance|[upkeep]","|upkeep","|turn|12","|","|move|p1a: Mantine|Surf|p2a: Dragapult","|-resisted|p2a: Dragapult","|-damage|p2a: Dragapult|117\/317","|move|p2a: Dragapult|Thunderbolt|p1a: Mantine","|-supereffective|p1a: Mantine","|-damage|p1a: Mantine|0 fnt","|-damage|p2a: Dragapult|86\/317|[from] item: Life Orb","|faint|p1a: Mantine","|","|-weather|RainDance|[upkeep]","|upkeep","|","|switch|p1a: Dracovish|Dracovish|106\/321","|turn|13","|","|switch|p1a: Ferrothorn|Ferrothorn, M|290\/352","|move|p2a: Dragapult|Dragon Pulse|p1a: Ferrothorn","|-resisted|p1a: Ferrothorn","|-damage|p1a: Ferrothorn|219\/352","|-damage|p2a: Dragapult|55\/317|[from] item: Life Orb","|","|-weather|RainDance|[upkeep]","|-heal|p1a: Ferrothorn|241\/352|[from] item: Leftovers","|upkeep","|turn|14","|","|switch|p2a: Ditto|Ditto, shiny|263\/300","|-transform|p2a: Ditto|p1a: Ferrothorn|[from] ability: Imposter","|move|p1a: Ferrothorn|Leech Seed|p2a: Ditto","|-immune|p2a: Ditto","|","|-weather|RainDance|[upkeep]","|-heal|p1a: Ferrothorn|263\/352|[from] item: Leftovers","|upkeep","|turn|15","|","|move|p2a: Ditto|Protect|p2a: Ditto","|-singleturn|p2a: Ditto|Protect","|move|p1a: Ferrothorn|Spikes|p2a: Ditto","|-sidestart29412|Spikes","|","|-weather|none","|-heal|p1a: Ferrothorn|285\/352|[from] item: Leftovers","|upkeep","|turn|16","|","|switch|p2a: Boltund|Boltund, M|279\/279","|-damage|p2a: Boltund|245\/279|[from] Spikes","|move|p1a: Ferrothorn|Leech Seed|p2a: Boltund","|-start|p2a: Boltund|move: Leech Seed","|","|-heal|p1a: Ferrothorn|307\/352|[from] item: Leftovers","|-damage|p2a: Boltund|211\/279|[from] Leech Seed|[of] p1a: Ferrothorn","|-heal|p1a: Ferrothorn|341\/352|[silent]","|upkeep","|turn|17","|","|move|p1a: Ferrothorn|Protect|p1a: Ferrothorn","|-singleturn|p1a: Ferrothorn|Protect","|move|p2a: Boltund|Thunder Fang|p1a: Ferrothorn","|-activate|p1a: Ferrothorn|move: Protect","|","|-heal|p1a: Ferrothorn|352\/352|[from] item: Leftovers","|-damage|p2a: Boltund|177\/279|[from] Leech Seed|[of] p1a: Ferrothorn","|upkeep","|turn|18","|","|switch|p2a: Dragapult|Dragapult, M|55\/317","|-damage|p2a: Dragapult|16\/317|[from] Spikes","|switch|p1a: Excadrill|Excadrill, M|118\/401","|-ability|p1a: Excadrill|Mold Breaker","|","|-heal|p1a: Excadrill|143\/401|[from] item: Leftovers","|upkeep","|turn|19","|","|switch|p1a: Ferrothorn|Ferrothorn, M|352\/352","|move|p2a: Dragapult|Scald|p1a: Ferrothorn","|-resisted|p1a: Ferrothorn","|-damage|p1a: Ferrothorn|308\/352","|-damage|p2a: Dragapult|0 fnt|[from] item: Life Orb","|faint|p2a: Dragapult","|","|-heal|p1a: Ferrothorn|330\/352|[from] item: Leftovers","|upkeep","|","|switch|p2a: Sirfetch'd|Sirfetch'd, M|266\/266","|-damage|p2a: Sirfetch'd|233\/266|[from] Spikes","|turn|20","|","|move|p2a: Sirfetch'd|Close Combat|p1a: Ferrothorn","|-supereffective|p1a: Ferrothorn","|-damage|p1a: Ferrothorn|36\/352","|-damage|p2a: Sirfetch'd|200\/266|[from] ability: Iron Barbs|[of] p1a: Ferrothorn","|-unboost|p2a: Sirfetch'd|def|1","|-unboost|p2a: Sirfetch'd|spd|1","|move|p1a: Ferrothorn|Leech Seed|p2a: Sirfetch'd","|-start|p2a: Sirfetch'd|move: Leech Seed","|","|-heal|p1a: Ferrothorn|58\/352|[from] item: Leftovers","|-damage|p2a: Sirfetch'd|167\/266|[from] Leech Seed|[of] p1a: Ferrothorn","|-heal|p1a: Ferrothorn|91\/352|[silent]","|upkeep","|turn|21","|","|switch|p2a: Boltund|Boltund, M|177\/279","|-damage|p2a: Boltund|143\/279|[from] Spikes","|move|p1a: Ferrothorn|Protect||[still]","|-fail|p1a: Ferrothorn","|","|-heal|p1a: Ferrothorn|113\/352|[from] item: Leftovers","|upkeep","|turn|22","|","|move|p1a: Ferrothorn|Protect|p1a: Ferrothorn","|-singleturn|p1a: Ferrothorn|Protect","|move|p2a: Boltund|Fire Fang|p1a: Ferrothorn","|-activate|p1a: Ferrothorn|move: Protect","|","|-heal|p1a: Ferrothorn|135\/352|[from] item: Leftovers","|upkeep","|turn|23","|","|switch|p2a: Ditto|Ditto, shiny|263\/300","|-damage|p2a: Ditto|226\/300|[from] Spikes","|-transform|p2a: Ditto|p1a: Ferrothorn|[from] ability: Imposter","|switch|p1a: Pelipper|Pelipper, F|281\/324 brn","|-weather|RainDance|[from] ability: Drizzle|[of] p1a: Pelipper","|","|-weather|RainDance|[upkeep]","|-damage|p1a: Pelipper|261\/324 brn|[from] brn","|upkeep","|turn|24","|","|move|p1a: Pelipper|U-turn|p2a: Ditto","|-damage|p2a: Ditto|218\/300","|-damage|p1a: Pelipper|221\/324 brn|[from] ability: Iron Barbs|[of] p2a: Ditto","|","|switch|p1a: Excadrill|Excadrill, M|143\/401","|-ability|p1a: Excadrill|Mold Breaker","|move|p2a: Ditto|Leech Seed|p1a: Excadrill","|-start|p1a: Excadrill|move: Leech Seed","|","|-weather|RainDance|[upkeep]","|-heal|p1a: Excadrill|168\/401|[from] item: Leftovers","|-damage|p1a: Excadrill|118\/401|[from] Leech Seed|[of] p2a: Ditto","|-heal|p2a: Ditto|268\/300|[silent]","|upkeep","|turn|25","|","|switch|p1a: Dracovish|Dracovish|106\/321","|move|p2a: Ditto|Leech Seed|p1a: Dracovish","|-start|p1a: Dracovish|move: Leech Seed","|","|-weather|RainDance|[upkeep]","|-damage|p1a: Dracovish|66\/321|[from] Leech Seed|[of] p2a: Ditto","|-heal|p2a: Ditto|300\/300|[silent]","|upkeep","|turn|26","|","|switch|p1a: Ferrothorn|Ferrothorn, M|135\/352","|move|p2a: Ditto|Leech Seed|p1a: Ferrothorn","|-immune|p1a: Ferrothorn","|","|-weather|RainDance|[upkeep]","|-heal|p1a: Ferrothorn|157\/352|[from] item: Leftovers","|upkeep","|turn|27","|","|switch|p2a: Sirfetch'd|Sirfetch'd, M|167\/266","|-damage|p2a: Sirfetch'd|134\/266|[from] Spikes","|move|p1a: Ferrothorn|Leech Seed|p2a: Sirfetch'd","|-start|p2a: Sirfetch'd|move: Leech Seed","|","|-weather|RainDance|[upkeep]","|-heal|p1a: Ferrothorn|179\/352|[from] item: Leftovers","|-damage|p2a: Sirfetch'd|101\/266|[from] Leech Seed|[of] p1a: Ferrothorn","|-heal|p1a: Ferrothorn|212\/352|[silent]","|upkeep","|turn|28","|-message|29412 forfeited.","|","|win|25671","|l|\u260629412","|l|\u260625671","|raw|25671's rating: 1253 &rarr; <strong>1276<\/strong><br \/>(+23 for winning)","|raw|29412's rating: 1220 &rarr; <strong>1197<\/strong><br \/>(-23 for losing)",""],"p1":"25671","p1rating":1225,"p1team":[{"ability":"levitate","evs":{"atk":0,"def":0,"hp":0,"spa":252,"spd":4,"spe":252},"gender":"N","happiness":160,"item":"choicescarf","ivs":{"atk":0,"def":31,"hp":31,"spa":31,"spd":31,"spe":31},"level":100,"moves":["voltswitch","hydropump","trick","thunderbolt"],"name":"Rotom","nature":"Timid","species":"rotomwash"},{"ability":"strongjaw","evs":{"atk":252,"def":0,"hp":0,"spa":0,"spd":4,"spe":252},"gender":"N","happiness":160,"item":"choicescarf","ivs":{"atk":31,"def":31,"hp":31,"spa":31,"spd":31,"spe":31},"level":100,"moves":["fishiousrend","crunch","icefang","psychicfangs"],"name":"Dracovish","nature":"Jolly","species":"Dracovish"},{"ability":"drizzle","evs":{"atk":0,"def":252,"hp":252,"spa":0,"spd":4,"spe":0},"happiness":160,"item":"damprock","ivs":{"atk":31,"def":31,"hp":31,"spa":31,"spd":31,"spe":31},"level":100,"moves":["uturn","knockoff","scald","roost"],"name":"Pelipper","nature":"Bold","species":"Pelipper"},{"ability":"swiftswim","evs":{"atk":0,"def":0,"hp":0,"spa":252,"spd":4,"spe":252},"happiness":160,"item":"choicespecs","ivs":{"atk":0,"def":31,"hp":31,"spa":31,"spd":31,"spe":31},"level":100,"moves":["hurricane","hydropump","surf","icebeam"],"name":"Mantine","nature":"Modest","species":"Mantine"},{"ability":"ironbarbs","evs":{"atk":0,"def":208,"hp":252,"spa":0,"spd":48,"spe":0},"happiness":72,"item":"leftovers","ivs":{"atk":31,"def":31,"hp":31,"spa":31,"spd":31,"spe":31},"level":100,"moves":["spikes","leechseed","protect","powerwhip"],"name":"Ferrothorn","nature":"Impish","species":"Ferrothorn"},{"ability":"moldbreaker","evs":{"atk":0,"def":0,"hp":160,"spa":0,"spd":180,"spe":168},"happiness":160,"item":"leftovers","ivs":{"atk":31,"def":31,"hp":31,"spa":31,"spd":31,"spe":31},"level":100,"moves":["rapidspin","earthquake","stealthrock","ironhead"],"name":"Excadrill","nature":"Careful","species":"Excadrill"}],"p2":"29412","p2rating":1219,"p2team":[{"ability":"strongjaw","evs":{"atk":252,"def":0,"hp":0,"spa":0,"spd":4,"spe":252},"gender":"M","happiness":160,"item":"choiceband","ivs":{"atk":31,"def":31,"hp":31,"spa":31,"spd":31,"spe":31},"level":100,"moves":["crunch","psychicfangs","thunderfang","firefang"],"name":"Boltund","nature":"Jolly","species":"Boltund"},{"ability":"imposter","evs":{"atk":4,"def":252,"hp":252,"spa":0,"spd":0,"spe":0},"gender":"N","happiness":160,"item":"choicescarf","ivs":{"atk":0,"def":31,"hp":31,"spa":31,"spd":31,"spe":0},"level":100,"moves":["transform"],"name":"Ditto","nature":"Relaxed","shiny":true,"species":"Ditto"},{"ability":"mirrorarmor","evs":{"atk":252,"def":244,"hp":12,"spa":0,"spd":0,"spe":0},"gender":"M","happiness":160,"item":"rockyhelmet","ivs":{"atk":31,"def":31,"hp":31,"spa":31,"spd":31,"spe":31},"level":100,"moves":["ironhead","defog","bravebird","roost"],"name":"Corviknight","nature":"Impish","species":"Corviknight"},{"ability":"infiltrator","evs":{"atk":0,"def":0,"hp":0,"spa":252,"spd":4,"spe":252},"gender":"M","happiness":160,"item":"lifeorb","ivs":{"atk":0,"def":31,"hp":31,"spa":31,"spd":31,"spe":31},"level":100,"moves":["dragonpulse","scald","thunderbolt","shadowball"],"name":"Dragapult","nature":"Modest","species":"Dragapult"},{"ability":"scrappy","evs":{"atk":252,"def":0,"hp":4,"spa":0,"spd":0,"spe":252},"gender":"M","happiness":160,"item":"focussash","ivs":{"atk":31,"def":31,"hp":31,"spa":31,"spd":31,"spe":31},"level":100,"moves":["swordsdance","quickattack","counter","closecombat"],"name":"Sirfetch'd","nature":"Adamant","species":"Sirfetch'd"},{"ability":"magicbounce","evs":{"atk":0,"def":0,"hp":252,"spa":4,"spd":252,"spe":0},"gender":"F","happiness":160,"item":"leftovers","ivs":{"atk":0,"def":31,"hp":31,"spa":31,"spd":31,"spe":31},"level":100,"moves":["aromatherapy","gigadrain","dazzlinggleam","psychic"],"name":"Hatterene","nature":"Calm","species":"Hatterene"}],"roomid":102173,"score":[5,4],"seed":[25438,56958,27578,40188],"timestamp":"Mon Dec 30 2019 21:XX","turns":28,"winner":"25671","rated_battle":true,"average_rating":1222}