{"endType":"forfeit","format":"gen8ou","inputLog":[">version aa9f8c6b9cf4eca780a1296832ecd3b0009641e0",">version-origin 5e8529faaa5905c5f8e15eafaaefa806ee8c7d06",">start {\"formatid\":\"gen8ou\",\"seed\":[3821,16566,36794,47474],\"rated\":\"Rated battle\"}",">player p1 {\"\"name\":\"30921\",\"rating\":1215}",">player p2 {\"\"name\":\"19846\",\"rating\":1234}",">p1 team 2, 1, 3, 4, 5, 6",">p2 team 1, 2, 3, 4, 5, 6",">p1 move earthquake",">p2 move spikes",">p2 switch 3",">p1 switch 5",">p2 move tailwind",">p1 move drainingkiss",">p2 move shadowball",">p1 move shadowball",">p2 move shadowball",">p2 switch 2",">p1 move drainingkiss",">p2 move earthquake",">p1 switch 5",">p1 move iciclecrash",">p2 move earthquake",">p2 switch 5",">p1 move iciclecrash",">p2 move swordsdance"],"log":["|j|\u260630921","|j|\u260619846","|player|p1|30921|265|1215","|player|p2|19846|unknown|1234","|teamsize|p1|6","|teamsize|p2|6","|gametype|singles","|gen|8","|tier|[Gen 8] OU","|rated|","|rule|Sleep Clause Mod: Limit one foe put to sleep","|rule|Species Clause: Limit one of each Pok\u00e9mon","|rule|OHKO Clause: OHKO moves are banned","|rule|Evasion Moves Clause: Evasion moves are banned","|rule|Endless Battle Clause: Forcing endless battles is banned","|rule|HP Percentage Mod: HP is shown in percentages","|clearpoke","|poke|p1|Excadrill, F|","|poke|p1|Darmanitan-Galar, F|","|poke|p1|Gyarados, F|","|poke|p1|Dragapult, F|","|poke|p1|Hatterene, F|","|poke|p1|Toxapex, M|","|poke|p2|Pincurchin, M|","|poke|p2|Dracozolt|","|poke|p2|Drifblim, M|","|poke|p2|Toxtricity, M|","|poke|p2|Hawlucha, M|","|poke|p2|Mandibuzz, F|","|rule|Dynamax Clause: You cannot dynamax","|teampreview","|","|start","|switch|p1a: Darmanitan|Darmanitan-Galar, F|351\/351","|switch|p2a: Pincurchin|Pincurchin, M|299\/299","|-fieldstart|move: Electric Terrain|[from] ability: Electric Surge|[of] p2a: Pincurchin","|turn|1","|","|move|p1a: Darmanitan|Earthquake|p2a: Pincurchin","|-supereffective|p2a: Pincurchin","|-damage|p2a: Pincurchin|0 fnt","|faint|p2a: Pincurchin","|","|upkeep","|","|switch|p2a: Drifblim|Drifblim, M|441\/441","|-enditem|p2a: Drifblim|Electric Seed","|-boost|p2a: Drifblim|def|1","|turn|2","|","|switch|p1a: Hatterene|Hatterene, F|318\/318","|move|p2a: Drifblim|Tailwind|p2a: Drifblim","|-sidestart19846|move: Tailwind","|","|upkeep","|turn|3","|","|move|p2a: Drifblim|Shadow Ball|p1a: Hatterene","|-supereffective|p1a: Hatterene","|-damage|p1a: Hatterene|168\/318","|move|p1a: Hatterene|Draining Kiss|p2a: Drifblim","|-damage|p2a: Drifblim|288\/441","|-heal|p1a: Hatterene|283\/318|[from] drain|[of] p2a: Drifblim","|","|upkeep","|turn|4","|","|move|p2a: Drifblim|Shadow Ball|p1a: Hatterene","|-supereffective|p1a: Hatterene","|-damage|p1a: Hatterene|131\/318","|move|p1a: Hatterene|Shadow Ball|p2a: Drifblim","|-supereffective|p2a: Drifblim","|-damage|p2a: Drifblim|0 fnt","|faint|p2a: Drifblim","|","|upkeep","|","|switch|p2a: Dracozolt|Dracozolt|321\/321","|turn|5","|","|move|p2a: Dracozolt|Earthquake|p1a: Hatterene","|-damage|p1a: Hatterene|0 fnt","|faint|p1a: Hatterene","|","|-sideend19846|move: Tailwind","|upkeep","|","|switch|p1a: Darmanitan|Darmanitan-Galar, F|351\/351","|turn|6","|","|move|p1a: Darmanitan|Icicle Crash|p2a: Dracozolt","|-supereffective|p2a: Dracozolt","|-damage|p2a: Dracozolt|0 fnt","|faint|p2a: Dracozolt","|","|upkeep","|","|switch|p2a: Hawlucha|Hawlucha, M|297\/297","|-enditem|p2a: Hawlucha|Electric Seed","|-boost|p2a: Hawlucha|def|1","|turn|7","|","|move|p2a: Hawlucha|Swords Dance|p2a: Hawlucha","|-boost|p2a: Hawlucha|atk|2","|move|p1a: Darmanitan|Icicle Crash|p2a: Hawlucha","|-supereffective|p2a: Hawlucha","|-damage|p2a: Hawlucha|0 fnt","|faint|p2a: Hawlucha","|","|upkeep","|-message|19846 forfeited.","|","|win|30921","|l|\u260619846","|l|\u260630921","|raw|30921's rating: 1215 &rarr; <strong>1242<\/strong><br \/>(+27 for winning)","|raw|19846's rating: 1234 &rarr; <strong>1208<\/strong><br \/>(-26 for losing)",""],"p1":"30921","p1rating":1215,"p1team":[{"ability":"moldbreaker","evs":{"atk":252,"def":0,"hp":4,"spa":0,"spd":0,"spe":252},"happiness":160,"item":"focussash","ivs":{"atk":31,"def":31,"hp":31,"spa":31,"spd":31,"spe":31},"level":100,"moves":["earthquake","rapidspin","ironhead","stealthrock"],"name":"Excadrill","nature":"Jolly","species":"Excadrill"},{"ability":"gorillatactics","evs":{"atk":252,"def":0,"hp":0,"spa":0,"spd":4,"spe":252},"happiness":160,"item":"choicescarf","ivs":{"atk":31,"def":31,"hp":31,"spa":31,"spd":31,"spe":31},"level":100,"moves":["iciclecrash","uturn","earthquake","flareblitz"],"name":"Darmanitan","nature":"Jolly","species":"darmanitangalar"},{"ability":"moxie","evs":{"atk":252,"def":0,"hp":0,"spa":0,"spd":4,"spe":252},"happiness":160,"item":"heavydutyboots","ivs":{"atk":31,"def":31,"hp":31,"spa":31,"spd":31,"spe":31},"level":100,"moves":["dragondance","waterfall","powerwhip","earthquake"],"name":"Gyarados","nature":"Jolly","species":"Gyarados"},{"ability":"infiltrator","evs":{"atk":0,"def":0,"hp":0,"spa":252,"spd":4,"spe":252},"happiness":160,"item":"choicespecs","ivs":{"atk":31,"def":31,"hp":31,"spa":31,"spd":31,"spe":31},"level":100,"moves":["dracometeor","shadowball","fireblast","uturn"],"name":"Dragapult","nature":"Timid","species":"Dragapult"},{"ability":"magicbounce","evs":{"atk":0,"def":0,"hp":252,"spa":252,"spd":4,"spe":0},"gender":"F","happiness":160,"item":"assaultvest","ivs":{"atk":0,"def":31,"hp":31,"spa":31,"spd":31,"spe":31},"level":100,"moves":["shadowball","psychic","drainingkiss","mysticalfire"],"name":"Hatterene","nature":"Modest","species":"Hatterene"},{"ability":"regenerator","evs":{"atk":0,"def":252,"hp":252,"spa":0,"spd":4,"spe":0},"happiness":160,"item":"blacksludge","ivs":{"atk":0,"def":31,"hp":31,"spa":31,"spd":31,"spe":31},"level":100,"moves":["scald","recover","haze","toxic"],"name":"Toxapex","nature":"Bold","species":"Toxapex"}],"p2":"19846","p2rating":1234,"p2team":[{"ability":"electricsurge","evs":{"atk":0,"def":0,"hp":248,"spa":8,"spd":252,"spe":0},"happiness":160,"item":"terrainextender","ivs":{"atk":0,"def":31,"hp":31,"spa":31,"spd":31,"spe":31},"level":100,"moves":["recover","discharge","scald","spikes"],"name":"Pincurchin","nature":"Sassy","species":"Pincurchin"},{"ability":"hustle","evs":{"atk":252,"def":4,"hp":0,"spa":0,"spd":0,"spe":252},"gender":"N","happiness":160,"item":"choiceband","ivs":{"atk":31,"def":31,"hp":31,"spa":31,"spd":31,"spe":31},"level":100,"moves":["dragonclaw","boltbeak","earthquake","firefang"],"name":"Dracozolt","nature":"Adamant","species":"Dracozolt"},{"ability":"unburden","evs":{"atk":0,"def":0,"hp":0,"spa":252,"spd":4,"spe":252},"happiness":160,"item":"electricseed","ivs":{"atk":0,"def":31,"hp":31,"spa":31,"spd":31,"spe":31},"level":100,"moves":["shadowball","destinybond","tailwind","memento"],"name":"Drifblim","nature":"Modest","species":"Drifblim"},{"ability":"punkrock","evs":{"atk":0,"def":0,"hp":0,"spa":252,"spd":4,"spe":252},"happiness":160,"item":"choicescarf","ivs":{"atk":0,"def":31,"hp":31,"spa":31,"spd":31,"spe":31},"level":100,"moves":["voltswitch","overdrive","boomburst","sludgewave"],"name":"Toxtricity","nature":"Timid","species":"Toxtricity"},{"ability":"unburden","evs":{"atk":252,"def":0,"hp":0,"spa":0,"spd":4,"spe":252},"gender":"M","happiness":160,"item":"electricseed","ivs":{"atk":31,"def":31,"hp":31,"spa":31,"spd":31,"spe":31},"level":100,"moves":["swordsdance","closecombat","throatchop","acrobatics"],"name":"Hawlucha","nature":"Adamant","species":"Hawlucha"},{"ability":"overcoat","evs":{"atk":0,"def":252,"hp":248,"spa":0,"spd":8,"spe":0},"gender":"F","happiness":160,"item":"heavydutyboots","ivs":{"atk":31,"def":31,"hp":31,"spa":31,"spd":31,"spe":31},"level":100,"moves":["roost","uturn","foulplay","defog"],"name":"Mandibuzz","nature":"Impish","species":"Mandibuzz"}],"roomid":1020985,"score":[5,2],"seed":[3821,16566,36794,47474],"timestamp":"Sat Dec 28 2019 19:XX","turns":7,"winner":"30921","rated_battle":true,"average_rating":1224}