{"endType":"normal","format":"gen8ou","inputLog":[">version aa9f8c6b9cf4eca780a1296832ecd3b0009641e0",">version-origin 5e8529faaa5905c5f8e15eafaaefa806ee8c7d06",">start {\"formatid\":\"gen8ou\",\"seed\":[35471,2469,34325,64185],\"rated\":\"Rated battle\"}",">player p1 {\"\"name\":\"27203\",\"rating\":1379}",">player p2 {\"\"name\":\"25494\",\"rating\":1413}",">p1 team 5, 2, 3, 4, 1, 6",">p2 team 4, 2, 3, 1, 5, 6",">p1 move focusblast",">p2 move knockoff",">p1 switch 3",">p2 move powerwhip",">p1 move uturn",">p2 move spikes",">p1 switch 4",">p1 move closecombat",">p2 move powerwhip",">p1 switch 3",">p1 move earthpower",">p2 move leechseed",">p2 switch 6",">p1 move focusblast",">p2 switch 4",">p1 switch 4",">p2 move moonblast",">p1 switch 4",">p1 move hydropump",">p2 switch 4",">p1 move focusblast",">p2 switch 5",">p1 move grassknot",">p2 move stealthrock",">p2 switch 4",">p1 move hydropump",">p2 switch 2",">p1 move focusblast",">p2 move darkpulse",">p1 switch 5",">p1 move closecombat",">p2 switch 2",">p1 move liquidation",">p2 move moonlight",">p2 switch 5",">p1 move closecombat",">p2 move crunch",">p2 switch 2",">p1 move closecombat",">p2 move darkpulse",">p2 switch 3",">p1 move closecombat",">p2 move earthquake"],"log":["|j|\u260627203","|j|\u260625494","|player|p1|27203|69|1379","|player|p2|25494|1|1413","|teamsize|p1|6","|teamsize|p2|6","|gametype|singles","|gen|8","|tier|[Gen 8] OU","|rated|","|rule|Sleep Clause Mod: Limit one foe put to sleep","|rule|Species Clause: Limit one of each Pok\u00e9mon","|rule|OHKO Clause: OHKO moves are banned","|rule|Evasion Moves Clause: Evasion moves are banned","|rule|Endless Battle Clause: Forcing endless battles is banned","|rule|HP Percentage Mod: HP is shown in percentages","|clearpoke","|poke|p1|Barraskewda, F|","|poke|p1|Ferrothorn, M|","|poke|p1|Pelipper, M|","|poke|p1|Crawdaunt, M|","|poke|p1|Seismitoad, M|","|poke|p1|Rotom-Wash|","|poke|p2|Clefable, F|","|poke|p2|Hydreigon, F|","|poke|p2|Excadrill, F|","|poke|p2|Ferrothorn, M|","|poke|p2|Seismitoad, M|","|poke|p2|Tyranitar, F|","|rule|Dynamax Clause: You cannot dynamax","|teampreview","|","|start","|switch|p1a: Seismitoad|Seismitoad, M|351\/351","|switch|p2a: Ferrothorn|Ferrothorn, M|352\/352","|turn|1","|","|move|p1a: Seismitoad|Focus Blast|p2a: Ferrothorn|[miss]","|-miss|p1a: Seismitoad|p2a: Ferrothorn","|move|p2a: Ferrothorn|Knock Off|p1a: Seismitoad","|-damage|p1a: Seismitoad|263\/351","|-enditem|p1a: Seismitoad|Life Orb|[from] move: Knock Off|[of] p2a: Ferrothorn","|","|upkeep","|turn|2","|","|switch|p1a: Pelipper|Pelipper, M|323\/323","|-weather|RainDance|[from] ability: Drizzle|[of] p1a: Pelipper","|move|p2a: Ferrothorn|Power Whip|p1a: Pelipper","|-damage|p1a: Pelipper|218\/323","|","|-weather|RainDance|[upkeep]","|upkeep","|turn|3","|","|move|p1a: Pelipper|U-turn|p2a: Ferrothorn","|-damage|p2a: Ferrothorn|333\/352","|-damage|p1a: Pelipper|178\/323|[from] ability: Iron Barbs|[of] p2a: Ferrothorn","|","|switch|p1a: Crawdaunt|Crawdaunt, M|268\/268","|move|p2a: Ferrothorn|Spikes|p1a: Crawdaunt","|-sidestart27203|Spikes","|","|-weather|RainDance|[upkeep]","|-heal|p2a: Ferrothorn|352\/352|[from] item: Leftovers","|upkeep","|turn|4","|","|move|p1a: Crawdaunt|Close Combat|p2a: Ferrothorn","|-supereffective|p2a: Ferrothorn","|-damage|p2a: Ferrothorn|72\/352","|-damage|p1a: Crawdaunt|235\/268|[from] ability: Iron Barbs|[of] p2a: Ferrothorn","|-unboost|p1a: Crawdaunt|def|1","|-unboost|p1a: Crawdaunt|spd|1","|move|p2a: Ferrothorn|Power Whip|p1a: Crawdaunt","|-supereffective|p1a: Crawdaunt","|-damage|p1a: Crawdaunt|0 fnt","|faint|p1a: Crawdaunt","|","|-weather|RainDance|[upkeep]","|-heal|p2a: Ferrothorn|94\/352|[from] item: Leftovers","|upkeep","|","|switch|p1a: Seismitoad|Seismitoad, M|263\/351","|-damage|p1a: Seismitoad|220\/351|[from] Spikes","|turn|5","|","|move|p1a: Seismitoad|Earth Power|p2a: Ferrothorn","|-damage|p2a: Ferrothorn|0 fnt","|faint|p2a: Ferrothorn","|","|-weather|RainDance|[upkeep]","|upkeep","|","|switch|p2a: Tyranitar|Tyranitar, F|341\/341","|-weather|Sandstorm|[from] ability: Sand Stream|[of] p2a: Tyranitar","|turn|6","|","|switch|p2a: Clefable|Clefable, F|380\/380","|move|p1a: Seismitoad|Focus Blast|p2a: Clefable","|-resisted|p2a: Clefable","|-damage|p2a: Clefable|312\/380","|","|-weather|Sandstorm|[upkeep]","|upkeep","|turn|7","|","|switch|p1a: Pelipper|Pelipper, M|178\/323","|-weather|RainDance|[from] ability: Drizzle|[of] p1a: Pelipper","|move|p2a: Clefable|Moonblast|p1a: Pelipper","|-damage|p1a: Pelipper|0 fnt","|faint|p1a: Pelipper","|","|-weather|RainDance|[upkeep]","|upkeep","|","|switch|p1a: Seismitoad|Seismitoad, M|220\/351","|-damage|p1a: Seismitoad|177\/351|[from] Spikes","|turn|8","|","|switch|p2a: Tyranitar|Tyranitar, F|341\/341","|-weather|Sandstorm|[from] ability: Sand Stream|[of] p2a: Tyranitar","|move|p1a: Seismitoad|Hydro Pump|p2a: Tyranitar|[miss]","|-miss|p1a: Seismitoad|p2a: Tyranitar","|","|-weather|Sandstorm|[upkeep]","|upkeep","|turn|9","|","|switch|p2a: Seismitoad|Seismitoad, M|414\/414","|move|p1a: Seismitoad|Focus Blast|p2a: Seismitoad","|-damage|p2a: Seismitoad|265\/414","|","|-weather|Sandstorm|[upkeep]","|-heal|p2a: Seismitoad|290\/414|[from] item: Leftovers","|upkeep","|turn|10","|","|move|p1a: Seismitoad|Grass Knot|p2a: Seismitoad","|-supereffective|p2a: Seismitoad","|-damage|p2a: Seismitoad|0 fnt","|faint|p2a: Seismitoad","|","|-weather|Sandstorm|[upkeep]","|upkeep","|","|switch|p2a: Clefable|Clefable, F|312\/380","|turn|11","|","|switch|p2a: Hydreigon|Hydreigon, F|325\/325","|move|p1a: Seismitoad|Hydro Pump|p2a: Hydreigon","|-resisted|p2a: Hydreigon","|-damage|p2a: Hydreigon|235\/325","|","|-weather|Sandstorm|[upkeep]","|-damage|p2a: Hydreigon|215\/325|[from] Sandstorm","|-heal|p2a: Hydreigon|235\/325|[from] item: Leftovers","|upkeep","|turn|12","|","|move|p2a: Hydreigon|Dark Pulse|p1a: Seismitoad","|-damage|p1a: Seismitoad|0 fnt","|faint|p1a: Seismitoad","|","|-weather|none","|-heal|p2a: Hydreigon|255\/325|[from] item: Leftovers","|upkeep","|","|switch|p1a: Barraskewda|Barraskewda, F|263\/263","|-damage|p1a: Barraskewda|231\/263|[from] Spikes","|turn|13","|","|switch|p2a: Clefable|Clefable, F|312\/380","|move|p1a: Barraskewda|Close Combat|p2a: Clefable","|-resisted|p2a: Clefable","|-damage|p2a: Clefable|177\/380","|-unboost|p1a: Barraskewda|def|1","|-unboost|p1a: Barraskewda|spd|1","|-damage|p1a: Barraskewda|205\/263|[from] item: Life Orb","|","|upkeep","|turn|14","|","|move|p1a: Barraskewda|Liquidation|p2a: Clefable","|-damage|p2a: Clefable|0 fnt","|-damage|p1a: Barraskewda|179\/263|[from] item: Life Orb","|faint|p2a: Clefable","|","|upkeep","|","|switch|p2a: Tyranitar|Tyranitar, F|341\/341","|-weather|Sandstorm|[from] ability: Sand Stream|[of] p2a: Tyranitar","|turn|15","|","|move|p1a: Barraskewda|Close Combat|p2a: Tyranitar","|-supereffective|p2a: Tyranitar","|-damage|p2a: Tyranitar|0 fnt","|-unboost|p1a: Barraskewda|def|1","|-unboost|p1a: Barraskewda|spd|1","|-damage|p1a: Barraskewda|153\/263|[from] item: Life Orb","|faint|p2a: Tyranitar","|","|-weather|Sandstorm|[upkeep]","|-damage|p1a: Barraskewda|137\/263|[from] Sandstorm","|upkeep","|","|switch|p2a: Hydreigon|Hydreigon, F|255\/325","|turn|16","|","|move|p1a: Barraskewda|Close Combat|p2a: Hydreigon","|-supereffective|p2a: Hydreigon","|-crit|p2a: Hydreigon","|-damage|p2a: Hydreigon|0 fnt","|-unboost|p1a: Barraskewda|def|1","|-unboost|p1a: Barraskewda|spd|1","|-damage|p1a: Barraskewda|111\/263|[from] item: Life Orb","|faint|p2a: Hydreigon","|","|-weather|Sandstorm|[upkeep]","|-damage|p1a: Barraskewda|95\/263|[from] Sandstorm","|upkeep","|","|switch|p2a: Excadrill|Excadrill, F|361\/361","|-ability|p2a: Excadrill|Mold Breaker","|turn|17","|","|move|p1a: Barraskewda|Close Combat|p2a: Excadrill","|-supereffective|p2a: Excadrill","|-damage|p2a: Excadrill|0 fnt","|-unboost|p1a: Barraskewda|def|1","|-unboost|p1a: Barraskewda|spd|1","|-damage|p1a: Barraskewda|69\/263|[from] item: Life Orb","|faint|p2a: Excadrill","|","|win|27203","|raw|27203's rating: 1379 &rarr; <strong>1401<\/strong><br \/>(+22 for winning)","|raw|25494's rating: 1413 &rarr; <strong>1391<\/strong><br \/>(-22 for losing)",""],"p1":"27203","p1rating":1379,"p1team":[{"ability":"swiftswim","evs":{"atk":252,"def":0,"hp":0,"spa":0,"spd":4,"spe":252},"happiness":160,"item":"lifeorb","ivs":{"atk":31,"def":31,"hp":31,"spa":31,"spd":31,"spe":31},"level":100,"moves":["liquidation","psychicfangs","closecombat","crunch"],"name":"Barraskewda","nature":"Adamant","species":"Barraskewda"},{"ability":"ironbarbs","evs":{"atk":0,"def":4,"hp":252,"spa":0,"spd":252,"spe":0},"happiness":160,"item":"leftovers","ivs":{"atk":31,"def":31,"hp":31,"spa":31,"spd":31,"spe":0},"level":100,"moves":["powerwhip","stealthrock","leechseed","protect"],"name":"Ferrothorn","nature":"Sassy","species":"Ferrothorn"},{"ability":"drizzle","evs":{"atk":8,"def":252,"hp":248,"spa":0,"spd":0,"spe":0},"happiness":160,"item":"damprock","ivs":{"atk":31,"def":31,"hp":31,"spa":31,"spd":31,"spe":0},"level":100,"moves":["hurricane","knockoff","uturn","roost"],"name":"Pelipper","nature":"Relaxed","species":"Pelipper"},{"ability":"adaptability","evs":{"atk":252,"def":0,"hp":4,"spa":0,"spd":0,"spe":252},"happiness":160,"item":"choiceband","ivs":{"atk":31,"def":31,"hp":31,"spa":31,"spd":31,"spe":31},"level":100,"moves":["aquajet","crabhammer","knockoff","closecombat"],"name":"Crawdaunt","nature":"Adamant","species":"Crawdaunt"},{"ability":"swiftswim","evs":{"atk":0,"def":0,"hp":0,"spa":252,"spd":4,"spe":252},"happiness":160,"item":"lifeorb","ivs":{"atk":0,"def":31,"hp":31,"spa":31,"spd":31,"spe":31},"level":100,"moves":["hydropump","earthpower","grassknot","focusblast"],"name":"Seismitoad","nature":"Modest","species":"Seismitoad"},{"ability":"levitate","evs":{"atk":0,"def":0,"hp":0,"spa":252,"spd":4,"spe":252},"gender":"N","happiness":160,"item":"leftovers","ivs":{"atk":0,"def":31,"hp":31,"spa":31,"spd":31,"spe":31},"level":100,"moves":["hydropump","voltswitch","thunder","nastyplot"],"name":"Rotom","nature":"Timid","species":"rotomwash"}],"p2":"25494","p2rating":1413,"p2team":[{"ability":"magicguard","evs":{"atk":0,"def":0,"hp":196,"spa":252,"spd":0,"spe":60},"happiness":160,"item":"lifeorb","ivs":{"atk":31,"def":31,"hp":31,"spa":31,"spd":31,"spe":31},"level":100,"moves":["moonblast","flamethrower","thunderbolt","moonlight"],"name":"Clefable","nature":"Modest","species":"Clefable"},{"ability":"levitate","evs":{"atk":0,"def":4,"hp":0,"spa":252,"spd":0,"spe":252},"happiness":160,"item":"leftovers","ivs":{"atk":0,"def":31,"hp":31,"spa":31,"spd":31,"spe":31},"level":100,"moves":["nastyplot","substitute","darkpulse","flashcannon"],"name":"Hydreigon","nature":"Timid","species":"Hydreigon"},{"ability":"moldbreaker","evs":{"atk":252,"def":4,"hp":0,"spa":0,"spd":0,"spe":252},"happiness":160,"item":"leftovers","ivs":{"atk":31,"def":31,"hp":31,"spa":31,"spd":31,"spe":31},"level":100,"moves":["swordsdance","earthquake","ironhead","rapidspin"],"name":"Excadrill","nature":"Jolly","species":"Excadrill"},{"ability":"ironbarbs","evs":{"atk":4,"def":252,"hp":252,"spa":0,"spd":0,"spe":0},"happiness":160,"item":"leftovers","ivs":{"atk":31,"def":31,"hp":31,"spa":31,"spd":31,"spe":31},"level":100,"moves":["spikes","powerwhip","leechseed","knockoff"],"name":"Ferrothorn","nature":"Impish","species":"Ferrothorn"},{"ability":"waterabsorb","evs":{"atk":0,"def":252,"hp":252,"spa":0,"spd":4,"spe":0},"happiness":160,"item":"leftovers","ivs":{"atk":31,"def":31,"hp":31,"spa":31,"spd":31,"spe":31},"level":100,"moves":["stealthrock","scald","earthquake","toxic"],"name":"Seismitoad","nature":"Relaxed","species":"Seismitoad"},{"ability":"sandstream","evs":{"atk":252,"def":0,"hp":0,"spa":0,"spd":4,"spe":252},"happiness":160,"item":"leftovers","ivs":{"atk":31,"def":31,"hp":31,"spa":31,"spd":31,"spe":31},"level":100,"moves":["crunch","dragondance","stoneedge","firepunch"],"name":"Tyranitar","nature":"Adamant","species":"Tyranitar"}],"roomid":101432,"score":[3,0],"seed":[35471,2469,34325,64185],"timestamp":"Mon Dec 30 2019 10:XX","turns":17,"winner":"27203","rated_battle":true,"average_rating":1396}