{"endType":"forfeit","format":"gen8ou","inputLog":[">version aa9f8c6b9cf4eca780a1296832ecd3b0009641e0",">version-origin 5e8529faaa5905c5f8e15eafaaefa806ee8c7d06",">start {\"formatid\":\"gen8ou\",\"seed\":[22410,39522,5790,64423],\"rated\":\"Rated battle\"}",">player p1 {\"\"name\":\"123055\",\"rating\":1435}",">player p2 {\"\"name\":\"12782\",\"rating\":1369}",">p1 team 6, 2, 3, 4, 5, 1",">p2 team 6, 2, 3, 4, 5, 1",">p1 move uturn",">p2 move wish",">p1 switch 6",">p1 move trickroom",">p2 switch 6",">p1 move psychic",">p2 move coil",">p1 move dazzlinggleam",">p2 move earthquake",">p2 switch 3",">p1 switch 4",">p2 move dazzlinggleam",">p1 move heavyslam",">p2 switch 6",">p1 switch 4",">p2 move wish",">p1 move trickroom",">p2 move scald",">p1 move psychic",">p2 move wish",">p1 move dazzlinggleam",">p2 move protect",">p1 switch 4",">p2 move wish",">p1 move powerwhip",">p2 move scald",">p1 move earthquake",">p2 move scald",">p1 switch 2",">p1 move calmmind",">p2 switch 6",">p1 move moonblast",">p2 switch 5",">p1 move moonblast",">p2 move pyroball",">p2 switch 4",">p1 move moonblast",">p2 move iciclecrash",">p2 switch 2"],"log":["|j|\u2606123055","|j|\u260612782","|player|p1|123055|karen|1435","|player|p2|12782|morty|1369","|teamsize|p1|6","|teamsize|p2|6","|gametype|singles","|gen|8","|tier|[Gen 8] OU","|rated|","|rule|Sleep Clause Mod: Limit one foe put to sleep","|rule|Species Clause: Limit one of each Pok\u00e9mon","|rule|OHKO Clause: OHKO moves are banned","|rule|Evasion Moves Clause: Evasion moves are banned","|rule|Endless Battle Clause: Forcing endless battles is banned","|rule|HP Percentage Mod: HP is shown in percentages","|clearpoke","|poke|p1|Hatterene, F|","|poke|p1|Clefable, F|","|poke|p1|Tyranitar, M|","|poke|p1|Copperajah, F|","|poke|p1|Runerigus, M|","|poke|p1|Darmanitan-Galar, M|","|poke|p2|Sandaconda, F|","|poke|p2|Grimmsnarl, M|","|poke|p2|Hatterene, F|","|poke|p2|Darmanitan-Galar, M|","|poke|p2|Cinderace, F|","|poke|p2|Vaporeon, M|","|rule|Dynamax Clause: You cannot dynamax","|teampreview","|","|start","|switch|p1a: Darmanitan|Darmanitan-Galar, M|351\/351","|switch|p2a: Vaporeon|Vaporeon, M|464\/464","|turn|1","|","|move|p1a: Darmanitan|U-turn|p2a: Vaporeon","|-damage|p2a: Vaporeon|335\/464","|","|switch|p1a: Hatterene|Hatterene, F|318\/318","|move|p2a: Vaporeon|Wish|p2a: Vaporeon","|","|-heal|p2a: Vaporeon|364\/464|[from] item: Leftovers","|upkeep","|turn|2","|","|switch|p2a: Sandaconda|Sandaconda, F|348\/348","|move|p1a: Hatterene|Trick Room|p1a: Hatterene","|-fieldstart|move: Trick Room|[of] p1a: Hatterene","|","|upkeep","|turn|3","|","|move|p1a: Hatterene|Psychic|p2a: Sandaconda","|-damage|p2a: Sandaconda|128\/348","|-damage|p1a: Hatterene|287\/318|[from] item: Life Orb","|move|p2a: Sandaconda|Coil|p2a: Sandaconda","|-boost|p2a: Sandaconda|atk|1","|-boost|p2a: Sandaconda|def|1","|-boost|p2a: Sandaconda|accuracy|1","|","|-heal|p2a: Sandaconda|149\/348|[from] item: Leftovers","|upkeep","|turn|4","|","|move|p1a: Hatterene|Dazzling Gleam|p2a: Sandaconda","|-damage|p2a: Sandaconda|0 fnt","|-damage|p1a: Hatterene|256\/318|[from] item: Life Orb","|faint|p2a: Sandaconda","|","|upkeep","|","|switch|p2a: Hatterene|Hatterene, F|318\/318","|turn|5","|","|switch|p1a: Copperajah|Copperajah, F|447\/447","|move|p2a: Hatterene|Dazzling Gleam|p1a: Copperajah","|-resisted|p1a: Copperajah","|-damage|p1a: Copperajah|343\/447","|","|upkeep","|turn|6","|","|switch|p2a: Vaporeon|Vaporeon, M|364\/464","|move|p1a: Copperajah|Heavy Slam|p2a: Vaporeon","|-resisted|p2a: Vaporeon","|-crit|p2a: Vaporeon","|-damage|p2a: Vaporeon|148\/464","|-damage|p1a: Copperajah|299\/447|[from] item: Life Orb","|","|-heal|p2a: Vaporeon|177\/464|[from] item: Leftovers","|-fieldend|move: Trick Room","|upkeep","|turn|7","|","|switch|p1a: Hatterene|Hatterene, F|256\/318","|move|p2a: Vaporeon|Wish|p2a: Vaporeon","|","|-heal|p2a: Vaporeon|206\/464|[from] item: Leftovers","|upkeep","|turn|8","|","|move|p2a: Vaporeon|Scald|p1a: Hatterene","|-damage|p1a: Hatterene|160\/318","|move|p1a: Hatterene|Trick Room|p1a: Hatterene","|-fieldstart|move: Trick Room|[of] p1a: Hatterene","|","|-heal|p2a: Vaporeon|438\/464|[from] move: Wish|[wisher] Vaporeon","|-heal|p2a: Vaporeon|464\/464|[from] item: Leftovers","|upkeep","|turn|9","|","|move|p1a: Hatterene|Psychic|p2a: Vaporeon","|-damage|p2a: Vaporeon|203\/464","|-damage|p1a: Hatterene|129\/318|[from] item: Life Orb","|move|p2a: Vaporeon|Wish|p2a: Vaporeon","|","|-heal|p2a: Vaporeon|232\/464|[from] item: Leftovers","|upkeep","|turn|10","|","|move|p2a: Vaporeon|Protect|p2a: Vaporeon","|-singleturn|p2a: Vaporeon|Protect","|move|p1a: Hatterene|Dazzling Gleam|p2a: Vaporeon","|-activate|p2a: Vaporeon|move: Protect","|","|-heal|p2a: Vaporeon|464\/464|[from] move: Wish|[wisher] Vaporeon","|upkeep","|turn|11","|","|switch|p1a: Copperajah|Copperajah, F|299\/447","|move|p2a: Vaporeon|Wish|p2a: Vaporeon","|","|upkeep","|turn|12","|","|move|p1a: Copperajah|Power Whip|p2a: Vaporeon","|-supereffective|p2a: Vaporeon","|-damage|p2a: Vaporeon|97\/464","|-damage|p1a: Copperajah|255\/447|[from] item: Life Orb","|move|p2a: Vaporeon|Scald|p1a: Copperajah","|-damage|p1a: Copperajah|119\/447","|","|-heal|p2a: Vaporeon|329\/464|[from] move: Wish|[wisher] Vaporeon","|-heal|p2a: Vaporeon|358\/464|[from] item: Leftovers","|-fieldend|move: Trick Room","|upkeep","|turn|13","|","|move|p2a: Vaporeon|Scald|p1a: Copperajah","|-damage|p1a: Copperajah|0 fnt","|faint|p1a: Copperajah","|","|-heal|p2a: Vaporeon|387\/464|[from] item: Leftovers","|upkeep","|","|switch|p1a: Clefable|Clefable, F|380\/380","|turn|14","|","|switch|p2a: Hatterene|Hatterene, F|318\/318","|move|p1a: Clefable|Calm Mind|p1a: Clefable","|-boost|p1a: Clefable|spa|1","|-boost|p1a: Clefable|spd|1","|","|upkeep","|turn|15","|","|switch|p2a: Cinderace|Cinderace, F|301\/301","|move|p1a: Clefable|Moonblast|p2a: Cinderace","|-resisted|p2a: Cinderace","|-damage|p2a: Cinderace|126\/301","|","|upkeep","|turn|16","|","|move|p2a: Cinderace|Pyro Ball|p1a: Clefable","|-damage|p1a: Clefable|122\/380","|move|p1a: Clefable|Moonblast|p2a: Cinderace","|-resisted|p2a: Cinderace","|-damage|p2a: Cinderace|0 fnt","|faint|p2a: Cinderace","|","|upkeep","|","|switch|p2a: Darmanitan|Darmanitan-Galar, M|351\/351","|turn|17","|","|move|p2a: Darmanitan|Icicle Crash|p1a: Clefable|[miss]","|-miss|p2a: Darmanitan|p1a: Clefable","|move|p1a: Clefable|Moonblast|p2a: Darmanitan","|-damage|p2a: Darmanitan|0 fnt","|faint|p2a: Darmanitan","|","|upkeep","|","|switch|p2a: Grimmsnarl|Grimmsnarl, M|394\/394","|turn|18","|-message|12782 forfeited.","|","|win|123055","|l|\u260612782","|raw|123055's rating: 1435 &rarr; <strong>1451<\/strong><br \/>(+16 for winning)","|raw|12782's rating: 1369 &rarr; <strong>1353<\/strong><br \/>(-16 for losing)",""],"p1":"123055","p1rating":1435,"p1team":[{"ability":"magicbounce","evs":{"atk":0,"def":4,"hp":252,"spa":252,"spd":0,"spe":0},"gender":"F","happiness":160,"item":"lifeorb","ivs":{"atk":0,"def":31,"hp":31,"spa":31,"spd":31,"spe":0},"level":100,"moves":["trickroom","dazzlinggleam","psychic","mysticalfire"],"name":"Hatterene","nature":"Quiet","species":"Hatterene"},{"ability":"magicguard","evs":{"atk":0,"def":0,"hp":196,"spa":252,"spd":0,"spe":60},"happiness":160,"item":"lifeorb","ivs":{"atk":0,"def":31,"hp":31,"spa":31,"spd":31,"spe":31},"level":100,"moves":["calmmind","drainingkiss","moonblast","fireblast"],"name":"Clefable","nature":"Modest","species":"Clefable"},{"ability":"sandstream","evs":{"atk":252,"def":0,"hp":252,"spa":0,"spd":4,"spe":0},"happiness":160,"item":"choiceband","ivs":{"atk":31,"def":31,"hp":31,"spa":31,"spd":31,"spe":0},"level":100,"moves":["crunch","earthquake","stoneedge","firepunch"],"name":"Tyranitar","nature":"Brave","species":"Tyranitar"},{"ability":"heavymetal","evs":{"atk":252,"def":0,"hp":248,"spa":0,"spd":8,"spe":0},"happiness":160,"item":"lifeorb","ivs":{"atk":31,"def":31,"hp":31,"spa":31,"spd":31,"spe":0},"level":100,"moves":["heatcrash","heavyslam","powerwhip","earthquake"],"name":"Copperajah","nature":"Brave","species":"Copperajah"},{"ability":"wanderingspirit","evs":{"atk":0,"def":252,"hp":248,"spa":0,"spd":8,"spe":0},"happiness":160,"item":"mentalherb","ivs":{"atk":31,"def":31,"hp":31,"spa":31,"spd":31,"spe":0},"level":100,"moves":["trickroom","stealthrock","toxicspikes","bodypress"],"name":"Runerigus","nature":"Relaxed","species":"Runerigus"},{"ability":"gorillatactics","evs":{"atk":252,"def":0,"hp":0,"spa":0,"spd":4,"spe":252},"happiness":160,"item":"choicescarf","ivs":{"atk":31,"def":31,"hp":31,"spa":31,"spd":31,"spe":31},"level":100,"moves":["iciclecrash","uturn","flareblitz","earthquake"],"name":"Darmanitan","nature":"Jolly","species":"darmanitangalar"}],"p2":"12782","p2rating":1369,"p2team":[{"ability":"shedskin","evs":{"atk":0,"def":4,"hp":252,"spa":0,"spd":252,"spe":0},"happiness":160,"item":"leftovers","ivs":{"atk":31,"def":31,"hp":31,"spa":31,"spd":31,"spe":31},"level":100,"moves":["glare","coil","earthquake","bodypress"],"name":"Sandaconda","nature":"Careful","species":"Sandaconda"},{"ability":"prankster","evs":{"atk":0,"def":252,"hp":252,"spa":0,"spd":4,"spe":0},"gender":"M","happiness":160,"item":"lightclay","ivs":{"atk":0,"def":31,"hp":31,"spa":31,"spd":31,"spe":31},"level":100,"moves":["reflect","lightscreen","taunt","foulplay"],"name":"Grimmsnarl","nature":"Impish","species":"Grimmsnarl"},{"ability":"magicbounce","evs":{"atk":0,"def":0,"hp":252,"spa":252,"spd":4,"spe":0},"gender":"F","happiness":160,"item":"leftovers","ivs":{"atk":0,"def":31,"hp":31,"spa":31,"spd":31,"spe":0},"level":100,"moves":["psychic","dazzlinggleam","mysticalfire","trickroom"],"name":"Hatterene","nature":"Quiet","species":"Hatterene"},{"ability":"gorillatactics","evs":{"atk":252,"def":0,"hp":0,"spa":0,"spd":4,"spe":252},"happiness":160,"item":"choicescarf","ivs":{"atk":31,"def":31,"hp":31,"spa":31,"spd":31,"spe":31},"level":100,"moves":["uturn","iciclecrash","earthquake","flareblitz"],"name":"Darmanitan","nature":"Jolly","species":"darmanitangalar"},{"ability":"blaze","evs":{"atk":252,"def":0,"hp":0,"spa":0,"spd":4,"spe":252},"happiness":160,"item":"heavydutyboots","ivs":{"atk":31,"def":31,"hp":31,"spa":31,"spd":31,"spe":31},"level":100,"moves":["pyroball","courtchange","uturn","suckerpunch"],"name":"Cinderace","nature":"Jolly","species":"Cinderace"},{"ability":"waterabsorb","evs":{"atk":0,"def":252,"hp":252,"spa":0,"spd":4,"spe":0},"happiness":160,"item":"leftovers","ivs":{"atk":0,"def":31,"hp":31,"spa":31,"spd":31,"spe":31},"level":100,"moves":["wish","protect","scald","yawn"],"name":"Vaporeon","nature":"Bold","species":"Vaporeon"}],"roomid":1016551,"score":[5,3],"seed":[22410,39522,5790,64423],"timestamp":"Sat Dec 28 2019 21:XX","turns":18,"winner":"123055","rated_battle":true,"average_rating":1402}