{"endType":"forfeit","format":"gen8ou","inputLog":[">version aa9f8c6b9cf4eca780a1296832ecd3b0009641e0",">version-origin 5e8529faaa5905c5f8e15eafaaefa806ee8c7d06",">start {\"formatid\":\"gen8ou\",\"seed\":[58013,20844,55916,35710],\"rated\":\"Rated battle\"}",">player p1 {\"\"name\":\"122600\",\"rating\":1459}",">player p2 {\"\"name\":\"7165\",\"rating\":1421}",">p1 team 1, 2, 3, 4, 5, 6",">p2 team 3, 2, 1, 4, 5, 6",">p1 move earthquake",">p2 switch 4",">p1 move earthquake",">p2 move bugbuzz",">p2 switch 3",">p1 move earthquake",">p2 move knockoff",">p1 move earthquake",">p2 move facade",">p2 switch 2",">p1 move earthquake",">p2 move earthquake",">p1 switch 4",">p1 move gyroball",">p2 switch 6",">p1 switch 6",">p2 move mysticalfire",">p1 move voltswitch",">p2 move nuzzle",">p1 switch 2",">p1 move uturn",">p2 switch 5",">p1 move uturn",">p2 move stealthrock",">p1 switch 3",">p1 move dracometeor",">p2 switch 4",">p1 move shadowball",">p2 move autotomize",">p1 move uturn",">p2 move shadowsneak",">p1 switch 6",">p1 move knockoff",">p2 move closecombat",">p2 switch 5",">p1 move gyroball",">p2 move psychic",">p1 move knockoff",">p2 move psychic",">p1 switch 3",">p1 move courtchange",">p2 move psychic",">p1 move courtchange",">p2 move psychic",">p1 switch 5",">p1 move shellsmash",">p2 move nuzzle",">p1 move shadowball",">p2 move psychic",">p1 switch 2"],"log":["|j|\u2606122600","|j|\u26067165","|player|p1|122600|2|1459","|player|p2|7165|169|1421","|teamsize|p1|6","|teamsize|p2|6","|gametype|singles","|gen|8","|tier|[Gen 8] OU","|rated|","|rule|Sleep Clause Mod: Limit one foe put to sleep","|rule|Species Clause: Limit one of each Pok\u00e9mon","|rule|OHKO Clause: OHKO moves are banned","|rule|Evasion Moves Clause: Evasion moves are banned","|rule|Endless Battle Clause: Forcing endless battles is banned","|rule|HP Percentage Mod: HP is shown in percentages","|clearpoke","|poke|p1|Darmanitan-Galar, M|","|poke|p1|Cinderace, F|","|poke|p1|Dragapult, M|","|poke|p1|Ferrothorn, F|","|poke|p1|Polteageist|","|poke|p1|Rotom-Wash|","|poke|p2|Obstagoon, M|","|poke|p2|Dracozolt|","|poke|p2|Aegislash, M|","|poke|p2|Accelgor, F|","|poke|p2|Seismitoad, F|","|poke|p2|Hatterene, F|","|rule|Dynamax Clause: You cannot dynamax","|teampreview","|","|start","|switch|p1a: Michael Thomas|Darmanitan-Galar, M|351\/351","|switch|p2a: Aegislash|Aegislash, M|324\/324","|turn|1","|","|switch|p2a: Accelgor|Accelgor, F|301\/301","|move|p1a: Michael Thomas|Earthquake|p2a: Accelgor","|-resisted|p2a: Accelgor","|-damage|p2a: Accelgor|120\/301","|","|upkeep","|turn|2","|","|move|p1a: Michael Thomas|Earthquake|p2a: Accelgor","|-resisted|p2a: Accelgor","|-damage|p2a: Accelgor|0 fnt","|faint|p2a: Accelgor","|","|upkeep","|","|switch|p2a: Obstagoon|Obstagoon, M|327\/327","|turn|3","|","|move|p1a: Michael Thomas|Earthquake|p2a: Obstagoon","|-damage|p2a: Obstagoon|142\/327","|move|p2a: Obstagoon|Knock Off|p1a: Michael Thomas","|-damage|p1a: Michael Thomas|119\/351","|-enditem|p1a: Michael Thomas|Choice Scarf|[from] move: Knock Off|[of] p2a: Obstagoon","|","|-status|p2a: Obstagoon|brn|[from] item: Flame Orb","|upkeep","|turn|4","|","|move|p1a: Michael Thomas|Earthquake|p2a: Obstagoon","|-damage|p2a: Obstagoon|0 fnt","|faint|p2a: Obstagoon","|","|upkeep","|","|switch|p2a: Dracozolt|Dracozolt|321\/321","|turn|5","|","|move|p2a: Dracozolt|Earthquake|p1a: Michael Thomas","|-damage|p1a: Michael Thomas|0 fnt","|faint|p1a: Michael Thomas","|","|upkeep","|","|switch|p1a: Zack Martin|Ferrothorn, F|352\/352","|turn|6","|","|switch|p2a: Hatterene|Hatterene, F|318\/318","|move|p1a: Zack Martin|Gyro Ball|p2a: Hatterene","|-supereffective|p2a: Hatterene","|-damage|p2a: Hatterene|186\/318","|","|upkeep","|turn|7","|","|switch|p1a: Rotom|Rotom-Wash|241\/241","|move|p2a: Hatterene|Mystical Fire|p1a: Rotom","|-resisted|p1a: Rotom","|-damage|p1a: Rotom|196\/241","|-unboost|p1a: Rotom|spa|1","|","|-heal|p1a: Rotom|211\/241|[from] item: Leftovers","|upkeep","|turn|8","|","|move|p1a: Rotom|Volt Switch|p2a: Hatterene","|-damage|p2a: Hatterene|135\/318","|","|switch|p1a: Cinderace|Cinderace, F|301\/301","|move|p2a: Hatterene|Nuzzle|p1a: Cinderace","|-damage|p1a: Cinderace|283\/301","|-status|p1a: Cinderace|par","|","|upkeep","|turn|9","|","|switch|p2a: Seismitoad|Seismitoad, F|414\/414","|cant|p1a: Cinderace|par","|","|upkeep","|turn|10","|","|move|p1a: Cinderace|U-turn|p2a: Seismitoad","|-damage|p2a: Seismitoad|344\/414","|","|switch|p1a: Dragapult|Dragapult, M|317\/317","|move|p2a: Seismitoad|Stealth Rock|p1a: Dragapult","|-sidestart122600|move: Stealth Rock","|","|-heal|p2a: Seismitoad|369\/414|[from] item: Leftovers","|upkeep","|turn|11","|","|switch|p2a: Aegislash|Aegislash, M|324\/324","|move|p1a: Dragapult|Draco Meteor|p2a: Aegislash","|-resisted|p2a: Aegislash","|-damage|p2a: Aegislash|230\/324","|-unboost|p1a: Dragapult|spa|2","|-damage|p1a: Dragapult|286\/317|[from] item: Life Orb","|","|upkeep","|turn|12","|","|move|p1a: Dragapult|Shadow Ball|p2a: Aegislash","|-supereffective|p2a: Aegislash","|-damage|p2a: Aegislash|121\/324","|-damage|p1a: Dragapult|255\/317|[from] item: Life Orb","|move|p2a: Aegislash|Autotomize|p2a: Aegislash","|-boost|p2a: Aegislash|spe|2","|-start|p2a: Aegislash|Autotomize","|","|upkeep","|turn|13","|","|-formechange|p2a: Aegislash|Aegislash-Blade||[from] ability: Stance Change","|move|p2a: Aegislash|Shadow Sneak|p1a: Dragapult","|-supereffective|p1a: Dragapult","|-damage|p1a: Dragapult|0 fnt","|-damage|p2a: Aegislash|89\/324|[from] item: Life Orb","|faint|p1a: Dragapult","|","|upkeep","|","|switch|p1a: Zack Martin|Ferrothorn, F|352\/352","|-damage|p1a: Zack Martin|330\/352|[from] Stealth Rock","|turn|14","|","|move|p2a: Aegislash|Close Combat|p1a: Zack Martin","|-supereffective|p1a: Zack Martin","|-damage|p1a: Zack Martin|88\/352","|-damage|p2a: Aegislash|49\/324|[from] ability: Iron Barbs|[of] p1a: Zack Martin","|-unboost|p2a: Aegislash|def|1","|-unboost|p2a: Aegislash|spd|1","|-damage|p2a: Aegislash|17\/324|[from] item: Life Orb","|move|p1a: Zack Martin|Knock Off|p2a: Aegislash","|-supereffective|p2a: Aegislash","|-damage|p2a: Aegislash|0 fnt","|-enditem|p2a: Aegislash|Life Orb|[from] move: Knock Off|[of] p1a: Zack Martin","|faint|p2a: Aegislash","|","|-heal|p1a: Zack Martin|110\/352|[from] item: Leftovers","|upkeep","|","|switch|p2a: Hatterene|Hatterene, F|135\/318","|turn|15","|","|move|p2a: Hatterene|Psychic|p1a: Zack Martin","|-resisted|p1a: Zack Martin","|-damage|p1a: Zack Martin|23\/352","|move|p1a: Zack Martin|Gyro Ball|p2a: Hatterene","|-supereffective|p2a: Hatterene","|-damage|p2a: Hatterene|1\/318","|","|-heal|p1a: Zack Martin|45\/352|[from] item: Leftovers","|upkeep","|turn|16","|","|move|p2a: Hatterene|Psychic|p1a: Zack Martin","|-resisted|p1a: Zack Martin","|-damage|p1a: Zack Martin|0 fnt","|faint|p1a: Zack Martin","|","|upkeep","|","|switch|p1a: Cinderace|Cinderace, F|283\/301 par","|turn|17","|","|cant|p1a: Cinderace|par","|move|p2a: Hatterene|Psychic|p1a: Cinderace","|-damage|p1a: Cinderace|49\/301 par","|","|upkeep","|turn|18","|","|cant|p1a: Cinderace|par","|move|p2a: Hatterene|Psychic|p1a: Cinderace","|-damage|p1a: Cinderace|0 fnt","|faint|p1a: Cinderace","|","|upkeep","|","|switch|p1a: Run CMC|Polteageist|261\/261","|-damage|p1a: Run CMC|229\/261|[from] Stealth Rock","|turn|19","|","|move|p1a: Run CMC|Shell Smash|p1a: Run CMC","|-unboost|p1a: Run CMC|def|1","|-unboost|p1a: Run CMC|spd|1","|-boost|p1a: Run CMC|atk|2","|-boost|p1a: Run CMC|spa|2","|-boost|p1a: Run CMC|spe|2","|move|p2a: Hatterene|Nuzzle|p1a: Run CMC","|-damage|p1a: Run CMC|200\/261","|-ability|p1a: Run CMC|Weak Armor|boost","|-unboost|p1a: Run CMC|def|1","|-boost|p1a: Run CMC|spe|2","|-status|p1a: Run CMC|par","|","|upkeep","|turn|20","|","|cant|p1a: Run CMC|par","|move|p2a: Hatterene|Psychic|p1a: Run CMC","|-damage|p1a: Run CMC|0 fnt","|faint|p1a: Run CMC","|","|upkeep","|","|switch|p1a: Rotom|Rotom-Wash|211\/241","|-damage|p1a: Rotom|181\/241|[from] Stealth Rock","|turn|21","|-message|122600 forfeited.","|","|win|7165","|l|\u2606122600","|l|\u26067165","|raw|122600's rating: 1459 &rarr; <strong>1437<\/strong><br \/>(-22 for losing)","|raw|7165's rating: 1421 &rarr; <strong>1443<\/strong><br \/>(+22 for winning)",""],"p1":"122600","p1rating":1459,"p1team":[{"ability":"gorillatactics","evs":{"atk":252,"def":0,"hp":0,"spa":0,"spd":4,"spe":252},"gender":"M","happiness":160,"item":"choicescarf","ivs":{"atk":31,"def":31,"hp":31,"spa":31,"spd":31,"spe":31},"level":100,"moves":["icepunch","flareblitz","earthquake","uturn"],"name":"Michael Thomas","nature":"Jolly","species":"darmanitangalar"},{"ability":"blaze","evs":{"atk":252,"def":0,"hp":0,"spa":0,"spd":4,"spe":252},"happiness":160,"item":"heavydutyboots","ivs":{"atk":31,"def":31,"hp":31,"spa":31,"spd":31,"spe":31},"level":100,"moves":["pyroball","highjumpkick","courtchange","uturn"],"name":"Cinderace","nature":"Jolly","species":"Cinderace"},{"ability":"infiltrator","evs":{"atk":0,"def":0,"hp":0,"spa":252,"spd":4,"spe":252},"happiness":160,"item":"lifeorb","ivs":{"atk":31,"def":31,"hp":31,"spa":31,"spd":31,"spe":31},"level":100,"moves":["dracometeor","fireblast","shadowball","uturn"],"name":"Dragapult","nature":"Timid","species":"Dragapult"},{"ability":"ironbarbs","evs":{"atk":4,"def":252,"hp":252,"spa":0,"spd":0,"spe":0},"gender":"F","happiness":160,"item":"leftovers","ivs":{"atk":31,"def":31,"hp":31,"spa":31,"spd":31,"spe":0},"level":100,"moves":["leechseed","stealthrock","gyroball","knockoff"],"name":"Zack Martin","nature":"Relaxed","species":"ferrothorn"},{"ability":"weakarmor","evs":{"atk":0,"def":0,"hp":0,"spa":252,"spd":4,"spe":252},"gender":"N","happiness":160,"item":"focussash","ivs":{"atk":0,"def":31,"hp":31,"spa":31,"spd":31,"spe":31},"level":100,"moves":["shellsmash","gigadrain","storedpower","shadowball"],"name":"Run CMC","nature":"Modest","species":"polteageist"},{"ability":"levitate","evs":{"atk":0,"def":0,"hp":0,"spa":252,"spd":4,"spe":252},"gender":"N","happiness":160,"item":"leftovers","ivs":{"atk":0,"def":31,"hp":31,"spa":31,"spd":31,"spe":31},"level":100,"moves":["willowisp","voltswitch","hydropump","hex"],"name":"Rotom","nature":"Timid","species":"rotomwash"}],"p2":"7165","p2rating":1421,"p2team":[{"ability":"guts","evs":{"atk":252,"def":0,"hp":0,"spa":0,"spd":4,"spe":252},"happiness":160,"item":"flameorb","ivs":{"atk":31,"def":31,"hp":31,"spa":31,"spd":31,"spe":31},"level":100,"moves":["facade","knockoff","firepunch","bulkup"],"name":"Obstagoon","nature":"Jolly","species":"Obstagoon"},{"ability":"hustle","evs":{"atk":252,"def":0,"hp":0,"spa":0,"spd":4,"spe":252},"gender":"N","happiness":160,"item":"choicescarf","ivs":{"atk":31,"def":31,"hp":31,"spa":31,"spd":31,"spe":31},"level":100,"moves":["boltbeak","earthquake","dragonclaw","firefang"],"name":"Dracozolt","nature":"Jolly","species":"Dracozolt"},{"ability":"stancechange","evs":{"atk":252,"def":0,"hp":252,"spa":0,"spd":0,"spe":4},"happiness":160,"item":"lifeorb","ivs":{"atk":31,"def":31,"hp":31,"spa":31,"spd":31,"spe":31},"level":100,"moves":["ironhead","shadowsneak","autotomize","closecombat"],"name":"Aegislash","nature":"Adamant","species":"Aegislash"},{"ability":"stickyhold","evs":{"atk":0,"def":0,"hp":0,"spa":252,"spd":4,"spe":252},"happiness":160,"item":"choicespecs","ivs":{"atk":0,"def":31,"hp":31,"spa":31,"spd":31,"spe":31},"level":100,"moves":["bugbuzz","energyball","sludgebomb","focusblast"],"name":"Accelgor","nature":"Timid","species":"Accelgor"},{"ability":"poisontouch","evs":{"atk":0,"def":252,"hp":252,"spa":4,"spd":0,"spe":0},"happiness":160,"item":"leftovers","ivs":{"atk":0,"def":31,"hp":31,"spa":31,"spd":31,"spe":31},"level":100,"moves":["stealthrock","scald","toxic","earthpower"],"name":"Seismitoad","nature":"Bold","species":"Seismitoad"},{"ability":"magicbounce","evs":{"atk":0,"def":0,"hp":252,"spa":252,"spd":0,"spe":0},"gender":"F","happiness":160,"item":"assaultvest","ivs":{"atk":31,"def":31,"hp":31,"spa":31,"spd":31,"spe":31},"level":100,"moves":["dazzlinggleam","psychic","mysticalfire","nuzzle"],"name":"Hatterene","nature":"Quiet","species":"Hatterene"}],"roomid":1023692,"score":[1,3],"seed":[58013,20844,55916,35710],"timestamp":"Sat Dec 28 2019 19:XX","turns":21,"winner":"7165","rated_battle":true,"average_rating":1440}